[
    {
        "topic": "publicTrade.BTCUSDT",
        "ts": 1712071730112,
        "type": "snapshot",
        "data": [
            {
                "i": "2290000000136346666",
                "T": 1712071730110,
                "p": "65838.3",
                "v": "0.019256",
                "S": "Sell",
                "s": "BTCUSDT",
                "BT": false
            },
            {
                "i": "2290000000136346667",
                "T": 1712071730110,
                "p": "65838.3",
                "v": "0.022474",
                "S": "Sell",
                "s": "BTCUSDT",
                "BT": false
            },
            {
                "i": "2290000000136346668",
                "T": 1712071730110,
                "p": "65838.3",
                "v": "0.003836",
                "S": "Sell",
                "s": "BTCUSDT",
                "BT": false
            }
        ],
        "_doc": "4db36391-b7b3-4118-a549-637b98c0a87e"
    },
    {
        "topic": "publicTrade.BTCUSDT",
        "ts": 1712071729301,
        "type": "snapshot",
        "data": [
            {
                "i": "2290000000136346665",
                "T": 1712071729300,
                "p": "65838.3",
                "v": "0.000759",
                "S": "Sell",
                "s": "BTCUSDT",
                "BT": false
            }
        ],
        "_doc": "cd209630-0657-49fc-a77c-72cedc25b468"
    },
    {
        "topic": "publicTrade.BTCUSDT",
        "ts": 1712071729118,
        "type": "snapshot",
        "data": [
            {
                "i": "2290000000136346662",
                "T": 1712071729116,
                "p": "65838.3",
                "v": "0.019531",
                "S": "Sell",
                "s": "BTCUSDT",
                "BT": false
            },
            {
                "i": "2290000000136346663",
                "T": 1712071729116,
                "p": "65838.3",
                "v": "0.001",
                "S": "Sell",
                "s": "BTCUSDT",
                "BT": false
            },
            {
                "i": "2290000000136346664",
                "T": 1712071729116,
                "p": "65838.3",
                "v": "0.019923",
                "S": "Sell",
                "s": "BTCUSDT",
                "BT": false
            }
        ],
        "_doc": "f8f83488-7872-47aa-b02a-f53923a5f665"
    },
    {
        "topic": "publicTrade.BTCUSDC",
        "ts": 1712071729105,
        "type": "snapshot",
        "data": [
            {
                "i": "2240000000299863011",
                "T": 1712071729103,
                "p": "65839.86",
                "v": "0.000086",
                "S": "Buy",
                "s": "BTCUSDC",
                "BT": false
            },
            {
                "i": "2240000000299863012",
                "T": 1712071729103,
                "p": "65840.52",
                "v": "0.020015",
                "S": "Buy",
                "s": "BTCUSDC",
                "BT": false
            }
        ],
        "_doc": "33a919df-e30e-4d34-a435-f94465e483c8"
    },
    {
        "topic": "publicTrade.BTCUSDC",
        "ts": 1712071729105,
        "type": "snapshot",
        "data": [
            {
                "i": "2240000000299863009",
                "T": 1712071729103,
                "p": "65839.39",
                "v": "0.020101",
                "S": "Buy",
                "s": "BTCUSDC",
                "BT": false
            },
            {
                "i": "2240000000299863010",
                "T": 1712071729103,
                "p": "65839.86",
                "v": "0.019838",
                "S": "Buy",
                "s": "BTCUSDC",
                "BT": false
            }
        ],
        "_doc": "473b5589-1fea-48a5-bcef-eb5af475fba0"
    },
    {
        "topic": "publicTrade.BTCUSDT",
        "ts": 1712071728631,
        "type": "snapshot",
        "data": [
            {
                "i": "2290000000136346661",
                "T": 1712071728629,
                "p": "65838.3",
                "v": "0.000392",
                "S": "Sell",
                "s": "BTCUSDT",
                "BT": false
            }
        ],
        "_doc": "93ddf29e-04dd-4253-89ab-c35ecf882742"
    },
    {
        "topic": "publicTrade.BTCUSDT",
        "ts": 1712071728379,
        "type": "snapshot",
        "data": [
            {
                "i": "2290000000136346660",
                "T": 1712071728377,
                "p": "65838.31",
                "v": "0.000015",
                "S": "Buy",
                "s": "BTCUSDT",
                "BT": false
            }
        ],
        "_doc": "63f2e024-c09a-4e28-9293-aa065b66fecc"
    },
    {
        "topic": "publicTrade.BTCUSDT",
        "ts": 1712071728147,
        "type": "snapshot",
        "data": [
            {
                "i": "2290000000136346656",
                "T": 1712071728145,
                "p": "65838.3",
                "v": "0.004064",
                "S": "Sell",
                "s": "BTCUSDT",
                "BT": false
            },
            {
                "i": "2290000000136346657",
                "T": 1712071728145,
                "p": "65838.3",
                "v": "0.015231",
                "S": "Sell",
                "s": "BTCUSDT",
                "BT": false
            },
            {
                "i": "2290000000136346658",
                "T": 1712071728145,
                "p": "65838.3",
                "v": "0.001",
                "S": "Sell",
                "s": "BTCUSDT",
                "BT": false
            },
            {
                "i": "2290000000136346659",
                "T": 1712071728145,
                "p": "65838.3",
                "v": "0.001",
                "S": "Sell",
                "s": "BTCUSDT",
                "BT": false
            }
        ],
        "_doc": "82ad212e-a15a-4349-91b3-6efa39f15f8f"
    },
    {
        "topic": "publicTrade.BTCUSDT",
        "ts": 1712071727122,
        "type": "snapshot",
        "data": [
            {
                "i": "2290000000136346653",
                "T": 1712071727120,
                "p": "65838.3",
                "v": "0.019137",
                "S": "Sell",
                "s": "BTCUSDT",
                "BT": false
            },
            {
                "i": "2290000000136346654",
                "T": 1712071727120,
                "p": "65838.3",
                "v": "0.015255",
                "S": "Sell",
                "s": "BTCUSDT",
                "BT": false
            },
            {
                "i": "2290000000136346655",
                "T": 1712071727120,
                "p": "65838.3",
                "v": "0.011174",
                "S": "Sell",
                "s": "BTCUSDT",
                "BT": false
            }
        ],
        "_doc": "fb4ef294-4723-427c-ba0d-8eecdb2dba69"
    },
    {
        "topic": "publicTrade.BTCUSDT",
        "ts": 1712071726123,
        "type": "snapshot",
        "data": [
            {
                "i": "2290000000136346648",
                "T": 1712071726121,
                "p": "65838.3",
                "v": "0.00071",
                "S": "Sell",
                "s": "BTCUSDT",
                "BT": false
            },
            {
                "i": "2290000000136346649",
                "T": 1712071726121,
                "p": "65838.3",
                "v": "0.005487",
                "S": "Sell",
                "s": "BTCUSDT",
                "BT": false
            },
            {
                "i": "2290000000136346650",
                "T": 1712071726121,
                "p": "65838.3",
                "v": "0.019502",
                "S": "Sell",
                "s": "BTCUSDT",
                "BT": false
            },
            {
                "i": "2290000000136346651",
                "T": 1712071726121,
                "p": "65838.3",
                "v": "0.019502",
                "S": "Sell",
                "s": "BTCUSDT",
                "BT": false
            },
            {
                "i": "2290000000136346652",
                "T": 1712071726121,
                "p": "65838.3",
                "v": "0.000365",
                "S": "Sell",
                "s": "BTCUSDT",
                "BT": false
            }
        ],
        "_doc": "4d2225ae-53e1-4d41-8920-e920de2d5d59"
    },
    {
        "topic": "publicTrade.BTCUSDT",
        "ts": 1712071725923,
        "type": "snapshot",
        "data": [
            {
                "i": "2290000000136346647",
                "T": 1712071725921,
                "p": "65838.3",
                "v": "0.00029",
                "S": "Sell",
                "s": "BTCUSDT",
                "BT": false
            }
        ],
        "_doc": "0b2bae03-684d-4755-8bcc-491527e9526e"
    },
    {
        "topic": "publicTrade.BTCUSDC",
        "ts": 1712071725659,
        "type": "snapshot",
        "data": [
            {
                "i": "2240000000299862988",
                "T": 1712071725657,
                "p": "65839.77",
                "v": "0.003896",
                "S": "Buy",
                "s": "BTCUSDC",
                "BT": false
            }
        ],
        "_doc": "38128c98-a070-4909-865f-9114e4eb382d"
    },
    {
        "topic": "publicTrade.BTCUSDT",
        "ts": 1712071725228,
        "type": "snapshot",
        "data": [
            {
                "i": "2290000000136346646",
                "T": 1712071725227,
                "p": "65839.5",
                "v": "0.001",
                "S": "Sell",
                "s": "BTCUSDT",
                "BT": false
            }
        ],
        "_doc": "d43067bf-8533-4cb9-94f9-00894b4c1ef9"
    },
    {
        "topic": "publicTrade.BTCUSDT",
        "ts": 1712071725221,
        "type": "snapshot",
        "data": [
            {
                "i": "2290000000136346645",
                "T": 1712071725219,
                "p": "65840.66",
                "v": "0.001",
                "S": "Sell",
                "s": "BTCUSDT",
                "BT": false
            }
        ],
        "_doc": "b865d62f-363f-4a41-854a-9e87d4fcdab7"
    },
    {
        "topic": "publicTrade.BTCUSDT",
        "ts": 1712071725219,
        "type": "snapshot",
        "data": [
            {
                "i": "2290000000136346644",
                "T": 1712071725217,
                "p": "65840.83",
                "v": "0.089794",
                "S": "Sell",
                "s": "BTCUSDT",
                "BT": false
            }
        ],
        "_doc": "6a18456b-f956-48eb-8cc6-6a6113d50b0f"
    },
    {
        "topic": "publicTrade.BTCUSDT",
        "ts": 1712071725218,
        "type": "snapshot",
        "data": [
            {
                "i": "2290000000136346643",
                "T": 1712071725217,
                "p": "65840.83",
                "v": "0.001",
                "S": "Sell",
                "s": "BTCUSDT",
                "BT": false
            }
        ],
        "_doc": "fa47fbd3-3c86-4b53-aa98-f64bc6ebdd23"
    },
    {
        "topic": "publicTrade.BTCUSDT",
        "ts": 1712071725214,
        "type": "snapshot",
        "data": [
            {
                "i": "2290000000136346641",
                "T": 1712071725212,
                "p": "65842.17",
                "v": "0.000096",
                "S": "Sell",
                "s": "BTCUSDT",
                "BT": false
            },
            {
                "i": "2290000000136346642",
                "T": 1712071725212,
                "p": "65842.13",
                "v": "0.000048",
                "S": "Sell",
                "s": "BTCUSDT",
                "BT": false
            }
        ],
        "_doc": "02007945-7ce4-4a43-9680-3fd65cbfbdf1"
    },
    {
        "topic": "publicTrade.BTCUSDT",
        "ts": 1712071725194,
        "type": "snapshot",
        "data": [
            {
                "i": "2290000000136346640",
                "T": 1712071725193,
                "p": "65845.11",
                "v": "0.000002",
                "S": "Sell",
                "s": "BTCUSDT",
                "BT": false
            }
        ],
        "_doc": "d52ef135-3ccb-4076-ad2b-cf175dbcec29"
    },
    {
        "topic": "publicTrade.BTCUSDT",
        "ts": 1712071725187,
        "type": "snapshot",
        "data": [
            {
                "i": "2290000000136346636",
                "T": 1712071725186,
                "p": "65845.11",
                "v": "0.012939",
                "S": "Sell",
                "s": "BTCUSDT",
                "BT": false
            },
            {
                "i": "2290000000136346637",
                "T": 1712071725186,
                "p": "65845.11",
                "v": "0.015238",
                "S": "Sell",
                "s": "BTCUSDT",
                "BT": false
            },
            {
                "i": "2290000000136346638",
                "T": 1712071725186,
                "p": "65845.11",
                "v": "0.015255",
                "S": "Sell",
                "s": "BTCUSDT",
                "BT": false
            },
            {
                "i": "2290000000136346639",
                "T": 1712071725186,
                "p": "65845.11",
                "v": "0.000998",
                "S": "Sell",
                "s": "BTCUSDT",
                "BT": false
            }
        ],
        "_doc": "aee537f6-abfe-4b08-8dec-8c16d56c6e6e"
    },
    {
        "topic": "publicTrade.BTCUSDC",
        "ts": 1712071725184,
        "type": "snapshot",
        "data": [
            {
                "i": "2240000000299862982",
                "T": 1712071725182,
                "p": "65841.01",
                "v": "0.019502",
                "S": "Sell",
                "s": "BTCUSDC",
                "BT": false
            },
            {
                "i": "2240000000299862983",
                "T": 1712071725182,
                "p": "65840.43",
                "v": "0.019502",
                "S": "Sell",
                "s": "BTCUSDC",
                "BT": false
            },
            {
                "i": "2240000000299862984",
                "T": 1712071725182,
                "p": "65837.19",
                "v": "0.007594",
                "S": "Sell",
                "s": "BTCUSDC",
                "BT": false
            }
        ],
        "_doc": "2e5149dc-4ca5-4877-80d7-beed5d1a7687"
    },
    {
        "topic": "publicTrade.BTCUSDC",
        "ts": 1712071725176,
        "type": "snapshot",
        "data": [
            {
                "i": "2240000000299862981",
                "T": 1712071725174,
                "p": "65841.52",
                "v": "0.019502",
                "S": "Sell",
                "s": "BTCUSDC",
                "BT": false
            }
        ],
        "_doc": "0d1d811d-7df8-49bd-b24b-61ac0f3f22c8"
    },
    {
        "topic": "publicTrade.BTCUSDT",
        "ts": 1712071725151,
        "type": "snapshot",
        "data": [
            {
                "i": "2290000000136346633",
                "T": 1712071725149,
                "p": "65845.11",
                "v": "0.0195",
                "S": "Sell",
                "s": "BTCUSDT",
                "BT": false
            },
            {
                "i": "2290000000136346634",
                "T": 1712071725149,
                "p": "65845.11",
                "v": "0.0195",
                "S": "Sell",
                "s": "BTCUSDT",
                "BT": false
            },
            {
                "i": "2290000000136346635",
                "T": 1712071725149,
                "p": "65845.11",
                "v": "0.006561",
                "S": "Sell",
                "s": "BTCUSDT",
                "BT": false
            }
        ],
        "_doc": "bb7ce6b0-f81e-45f4-9289-892fd4e31aba"
    },
    {
        "topic": "publicTrade.BTCUSDC",
        "ts": 1712071724710,
        "type": "snapshot",
        "data": [
            {
                "i": "2240000000299862978",
                "T": 1712071724708,
                "p": "65841.4",
                "v": "0.019502",
                "S": "Sell",
                "s": "BTCUSDC",
                "BT": false
            },
            {
                "i": "2240000000299862979",
                "T": 1712071724708,
                "p": "65840.36",
                "v": "0.019502",
                "S": "Sell",
                "s": "BTCUSDC",
                "BT": false
            }
        ],
        "_doc": "fe90f996-5312-4320-be2f-c0cdb8c7409c"
    },
    {
        "topic": "publicTrade.BTCUSDT",
        "ts": 1712071724298,
        "type": "snapshot",
        "data": [
            {
                "i": "2290000000136346626",
                "T": 1712071724295,
                "p": "65842.07",
                "v": "0.000048",
                "S": "Buy",
                "s": "BTCUSDT",
                "BT": false
            },
            {
                "i": "2290000000136346627",
                "T": 1712071724295,
                "p": "65842.08",
                "v": "0.001",
                "S": "Buy",
                "s": "BTCUSDT",
                "BT": false
            },
            {
                "i": "2290000000136346628",
                "T": 1712071724295,
                "p": "65842.08",
                "v": "0.001",
                "S": "Buy",
                "s": "BTCUSDT",
                "BT": false
            },
            {
                "i": "2290000000136346629",
                "T": 1712071724295,
                "p": "65842.08",
                "v": "0.000147",
                "S": "Buy",
                "s": "BTCUSDT",
                "BT": false
            },
            {
                "i": "2290000000136346630",
                "T": 1712071724295,
                "p": "65842.14",
                "v": "0.000211",
                "S": "Buy",
                "s": "BTCUSDT",
                "BT": false
            },
            {
                "i": "2290000000136346631",
                "T": 1712071724295,
                "p": "65842.15",
                "v": "0.000096",
                "S": "Buy",
                "s": "BTCUSDT",
                "BT": false
            },
            {
                "i": "2290000000136346632",
                "T": 1712071724295,
                "p": "65842.18",
                "v": "0.000048",
                "S": "Buy",
                "s": "BTCUSDT",
                "BT": false
            }
        ],
        "_doc": "d93fe1dc-b490-4985-8c8d-1bd56484535d"
    },
    {
        "topic": "publicTrade.BTCUSDT",
        "ts": 1712071724120,
        "type": "snapshot",
        "data": [
            {
                "i": "2290000000136346625",
                "T": 1712071724119,
                "p": "65842.06",
                "v": "0.045563",
                "S": "Sell",
                "s": "BTCUSDT",
                "BT": false
            }
        ],
        "_doc": "315faf71-58fe-481a-b706-0dee0527e705"
    },
    {
        "topic": "publicTrade.BTCUSDC",
        "ts": 1712071723840,
        "type": "snapshot",
        "data": [
            {
                "i": "2240000000299862977",
                "T": 1712071723838,
                "p": "65845.65",
                "v": "0.02027",
                "S": "Buy",
                "s": "BTCUSDC",
                "BT": false
            }
        ],
        "_doc": "620759e0-619b-411e-b796-39a1c6dcfb15"
    },
    {
        "topic": "publicTrade.BTCUSDT",
        "ts": 1712071723835,
        "type": "snapshot",
        "data": [
            {
                "i": "2290000000136346624",
                "T": 1712071723833,
                "p": "65840.67",
                "v": "0.001",
                "S": "Buy",
                "s": "BTCUSDT",
                "BT": false
            }
        ],
        "_doc": "5d2d8d6c-a6a6-4e23-9b02-a1a5384e75ad"
    },
    {
        "topic": "publicTrade.BTCUSDC",
        "ts": 1712071723762,
        "type": "snapshot",
        "data": [
            {
                "i": "2240000000299862974",
                "T": 1712071723760,
                "p": "65843.12",
                "v": "0.020598",
                "S": "Buy",
                "s": "BTCUSDC",
                "BT": false
            }
        ],
        "_doc": "cb10ef92-5861-4f95-a9a9-c354eda47784"
    },
    {
        "topic": "publicTrade.BTCUSDC",
        "ts": 1712071723745,
        "type": "snapshot",
        "data": [
            {
                "i": "2240000000299862973",
                "T": 1712071723743,
                "p": "65842.43",
                "v": "0.020598",
                "S": "Buy",
                "s": "BTCUSDC",
                "BT": false
            }
        ],
        "_doc": "93a51fd2-09ef-41b9-a513-1974c4133dd2"
    },
    {
        "topic": "publicTrade.BTCUSDC",
        "ts": 1712071723736,
        "type": "snapshot",
        "data": [
            {
                "i": "2240000000299862972",
                "T": 1712071723734,
                "p": "65841.89",
                "v": "0.020598",
                "S": "Buy",
                "s": "BTCUSDC",
                "BT": false
            }
        ],
        "_doc": "c7c4dbc0-12fd-4e52-8c26-4cf5e50dc0d7"
    },
    {
        "topic": "publicTrade.BTCUSDT",
        "ts": 1712071723268,
        "type": "snapshot",
        "data": [
            {
                "i": "2290000000136346623",
                "T": 1712071723266,
                "p": "65840.66",
                "v": "0.045564",
                "S": "Sell",
                "s": "BTCUSDT",
                "BT": false
            }
        ],
        "_doc": "356167fc-2e03-4670-ab56-d49240e2730e"
    },
    {
        "topic": "publicTrade.BTCUSDT",
        "ts": 1712071722812,
        "type": "snapshot",
        "data": [
            {
                "i": "2290000000136346619",
                "T": 1712071722810,
                "p": "65839.51",
                "v": "0.001",
                "S": "Buy",
                "s": "BTCUSDT",
                "BT": false
            },
            {
                "i": "2290000000136346620",
                "T": 1712071722810,
                "p": "65839.51",
                "v": "0.015255",
                "S": "Buy",
                "s": "BTCUSDT",
                "BT": false
            },
            {
                "i": "2290000000136346621",
                "T": 1712071722810,
                "p": "65839.51",
                "v": "0.015238",
                "S": "Buy",
                "s": "BTCUSDT",
                "BT": false
            },
            {
                "i": "2290000000136346622",
                "T": 1712071722810,
                "p": "65840.67",
                "v": "0.019535",
                "S": "Buy",
                "s": "BTCUSDT",
                "BT": false
            }
        ],
        "_doc": "2f7a7b72-b54d-4d7c-a3b8-0ce3b77ee101"
    },
    {
        "topic": "publicTrade.BTCUSDT",
        "ts": 1712071722725,
        "type": "snapshot",
        "data": [
            {
                "i": "2290000000136346618",
                "T": 1712071722723,
                "p": "65839.5",
                "v": "0.001332",
                "S": "Sell",
                "s": "BTCUSDT",
                "BT": false
            }
        ],
        "_doc": "65f6a49e-1709-4870-9e84-883d178a413e"
    },
    {
        "topic": "publicTrade.BTCUSDT",
        "ts": 1712071722704,
        "type": "snapshot",
        "data": [
            {
                "i": "2290000000136346616",
                "T": 1712071722702,
                "p": "65839.5",
                "v": "0.007357",
                "S": "Sell",
                "s": "BTCUSDT",
                "BT": false
            },
            {
                "i": "2290000000136346617",
                "T": 1712071722702,
                "p": "65839.5",
                "v": "0.013136",
                "S": "Sell",
                "s": "BTCUSDT",
                "BT": false
            }
        ],
        "_doc": "f0e983bf-d226-441e-ad24-a18582319943"
    },
    {
        "topic": "publicTrade.BTCUSDC",
        "ts": 1712071722639,
        "type": "snapshot",
        "data": [
            {
                "i": "2240000000299862969",
                "T": 1712071722637,
                "p": "65841",
                "v": "0.02059",
                "S": "Buy",
                "s": "BTCUSDC",
                "BT": false
            }
        ],
        "_doc": "e391a22e-b47a-4959-a06a-fa094c84be46"
    },
    {
        "topic": "publicTrade.BTCUSDC",
        "ts": 1712071722221,
        "type": "snapshot",
        "data": [
            {
                "i": "2240000000299862968",
                "T": 1712071722219,
                "p": "65838.97",
                "v": "0.061",
                "S": "Sell",
                "s": "BTCUSDC",
                "BT": false
            }
        ],
        "_doc": "becb34f8-131c-4fb9-83ec-715e05448f84"
    },
    {
        "topic": "publicTrade.BTCUSDT",
        "ts": 1712071722113,
        "type": "snapshot",
        "data": [
            {
                "i": "2290000000136346615",
                "T": 1712071722111,
                "p": "65839.5",
                "v": "0.045565",
                "S": "Sell",
                "s": "BTCUSDT",
                "BT": false
            }
        ],
        "_doc": "faa97f98-f9ad-452d-b899-0dd86ddf8a70"
    },
    {
        "topic": "publicTrade.BTCUSDC",
        "ts": 1712071721998,
        "type": "snapshot",
        "data": [
            {
                "i": "2240000000299862967",
                "T": 1712071721996,
                "p": "65839.65",
                "v": "0.018371",
                "S": "Sell",
                "s": "BTCUSDC",
                "BT": false
            }
        ],
        "_doc": "7aa5f915-ffcb-4512-9f8d-c5c125ef6f9a"
    },
    {
        "topic": "publicTrade.BTCUSDC",
        "ts": 1712071721991,
        "type": "snapshot",
        "data": [
            {
                "i": "2240000000299862966",
                "T": 1712071721989,
                "p": "65839.65",
                "v": "0.042629",
                "S": "Sell",
                "s": "BTCUSDC",
                "BT": false
            }
        ],
        "_doc": "321e540b-9c33-42f8-be08-4b72bcc729d1"
    },
    {
        "topic": "publicTrade.BTCUSDC",
        "ts": 1712071721891,
        "type": "snapshot",
        "data": [
            {
                "i": "2240000000299862965",
                "T": 1712071721889,
                "p": "65839.66",
                "v": "0.061",
                "S": "Sell",
                "s": "BTCUSDC",
                "BT": false
            }
        ],
        "_doc": "f918b3c5-8020-492b-ac4e-84716304a706"
    },
    {
        "topic": "publicTrade.BTCUSDT",
        "ts": 1712071721817,
        "type": "snapshot",
        "data": [
            {
                "i": "2290000000136346612",
                "T": 1712071721815,
                "p": "65838.31",
                "v": "0.006446",
                "S": "Buy",
                "s": "BTCUSDT",
                "BT": false
            },
            {
                "i": "2290000000136346613",
                "T": 1712071721815,
                "p": "65838.31",
                "v": "0.001",
                "S": "Buy",
                "s": "BTCUSDT",
                "BT": false
            },
            {
                "i": "2290000000136346614",
                "T": 1712071721815,
                "p": "65839.06",
                "v": "0.001518",
                "S": "Buy",
                "s": "BTCUSDT",
                "BT": false
            }
        ],
        "_doc": "30d0cde9-e9f1-411b-b9d6-40fb94cfb7a2"
    },
    {
        "topic": "publicTrade.BTCUSDT",
        "ts": 1712071721720,
        "type": "snapshot",
        "data": [
            {
                "i": "2290000000136346611",
                "T": 1712071721718,
                "p": "65838.31",
                "v": "0.000521",
                "S": "Buy",
                "s": "BTCUSDT",
                "BT": false
            }
        ],
        "_doc": "6e072b87-0a83-4971-b9e0-500804d24e4b"
    },
    {
        "topic": "publicTrade.BTCUSDC",
        "ts": 1712071721449,
        "type": "snapshot",
        "data": [
            {
                "i": "2240000000299862963",
                "T": 1712071721447,
                "p": "65840.16",
                "v": "0.020598",
                "S": "Buy",
                "s": "BTCUSDC",
                "BT": false
            }
        ],
        "_doc": "6ae1bb90-5542-4391-9698-3bde7c312bb5"
    },
    {
        "topic": "publicTrade.BTCUSDC",
        "ts": 1712071721283,
        "type": "snapshot",
        "data": [
            {
                "i": "2240000000299862960",
                "T": 1712071721281,
                "p": "65841.3",
                "v": "0.011852",
                "S": "Buy",
                "s": "BTCUSDC",
                "BT": false
            }
        ],
        "_doc": "157351e3-01cd-4c2f-9ff6-63fbb4ef7fa8"
    },
    {
        "topic": "publicTrade.BTCUSDC",
        "ts": 1712071721282,
        "type": "snapshot",
        "data": [
            {
                "i": "2240000000299862959",
                "T": 1712071721280,
                "p": "65841.3",
                "v": "0.001518",
                "S": "Buy",
                "s": "BTCUSDC",
                "BT": false
            }
        ],
        "_doc": "d190f317-76ac-4087-bfc7-b8f1e6392542"
    },
    {
        "topic": "publicTrade.BTCUSDC",
        "ts": 1712071721276,
        "type": "snapshot",
        "data": [
            {
                "i": "2240000000299862958",
                "T": 1712071721275,
                "p": "65841.3",
                "v": "0.00289",
                "S": "Buy",
                "s": "BTCUSDC",
                "BT": false
            }
        ],
        "_doc": "3e171f1d-aa4d-4bda-b992-6266ae73cd41"
    },
    {
        "topic": "publicTrade.BTCUSDC",
        "ts": 1712071721275,
        "type": "snapshot",
        "data": [
            {
                "i": "2240000000299862957",
                "T": 1712071721273,
                "p": "65841.3",
                "v": "0.00289",
                "S": "Buy",
                "s": "BTCUSDC",
                "BT": false
            }
        ],
        "_doc": "0e35c774-7e91-4816-b9f8-ac4c9084fa6d"
    },
    {
        "topic": "publicTrade.BTCUSDC",
        "ts": 1712071721274,
        "type": "snapshot",
        "data": [
            {
                "i": "2240000000299862956",
                "T": 1712071721272,
                "p": "65841.3",
                "v": "0.001628",
                "S": "Buy",
                "s": "BTCUSDC",
                "BT": false
            }
        ],
        "_doc": "1e661ac3-beab-4aa3-a814-69598a3d4421"
    },
    {
        "topic": "publicTrade.BTCUSDT",
        "ts": 1712071721222,
        "type": "snapshot",
        "data": [
            {
                "i": "2290000000136346610",
                "T": 1712071721220,
                "p": "65838.3",
                "v": "0.0304",
                "S": "Sell",
                "s": "BTCUSDT",
                "BT": false
            }
        ],
        "_doc": "2f88a6ab-be76-4eb1-905b-209e77dffb98"
    },
    {
        "topic": "publicTrade.BTCUSDC",
        "ts": 1712071721121,
        "type": "snapshot",
        "data": [
            {
                "i": "2240000000299862955",
                "T": 1712071721119,
                "p": "65837.89",
                "v": "0.021226",
                "S": "Buy",
                "s": "BTCUSDC",
                "BT": false
            }
        ],
        "_doc": "ca0edde4-52a3-48a9-8565-05c5327c6bef"
    },
    {
        "topic": "publicTrade.BTCUSDC",
        "ts": 1712071721062,
        "type": "snapshot",
        "data": [
            {
                "i": "2240000000299862954",
                "T": 1712071721060,
                "p": "65838.92",
                "v": "0.021497",
                "S": "Buy",
                "s": "BTCUSDC",
                "BT": false
            }
        ],
        "_doc": "61c68a97-0ed1-410e-b776-873bbb38ce77"
    },
    {
        "topic": "publicTrade.BTCUSDT",
        "ts": 1712071721024,
        "type": "snapshot",
        "data": [
            {
                "i": "2290000000136346609",
                "T": 1712071721022,
                "p": "65834.9",
                "v": "0.09758",
                "S": "Buy",
                "s": "BTCUSDT",
                "BT": false
            }
        ],
        "_doc": "38902ffc-d04a-4eb0-8573-c37e2b888d28"
    },
    {
        "topic": "publicTrade.BTCUSDC",
        "ts": 1712071721021,
        "type": "snapshot",
        "data": [
            {
                "i": "2240000000299862953",
                "T": 1712071721019,
                "p": "65836.92",
                "v": "0.021684",
                "S": "Buy",
                "s": "BTCUSDC",
                "BT": false
            }
        ],
        "_doc": "6c017779-369b-467a-b239-64ccb352368a"
    },
    {
        "topic": "publicTrade.BTCUSDT",
        "ts": 1712071721021,
        "type": "snapshot",
        "data": [
            {
                "i": "2290000000136346608",
                "T": 1712071721019,
                "p": "65833.82",
                "v": "0.111554",
                "S": "Buy",
                "s": "BTCUSDT",
                "BT": false
            }
        ],
        "_doc": "d67a96a2-c44a-4904-b0d2-08292d1bd9fb"
    },
    {
        "topic": "publicTrade.BTCUSDT",
        "ts": 1712071721018,
        "type": "snapshot",
        "data": [
            {
                "i": "2290000000136346606",
                "T": 1712071721017,
                "p": "65831",
                "v": "0.001",
                "S": "Buy",
                "s": "BTCUSDT",
                "BT": false
            },
            {
                "i": "2290000000136346607",
                "T": 1712071721017,
                "p": "65831",
                "v": "0.008829",
                "S": "Buy",
                "s": "BTCUSDT",
                "BT": false
            }
        ],
        "_doc": "e090d0fc-f5d6-4474-a571-1fa2ef0530db"
    },
    {
        "success": true,
        "ret_msg": "subscribe",
        "conn_id": "0c9d9222-96d8-4916-a561-b9c39ae5a6e1",
        "req_id": "CwPmR1hV5J",
        "op": "subscribe",
        "_doc": "85136abf-3c1d-4c3f-92d4-9d39fb1e60b7"
    }
]