[
  {
    "trades": [
      [
        {
          "side": "buy",
          "price": 67886.81,
          "quantity": 7.3e-05,
          "timestamp": "2024-06-02 23:21:07"
        }
      ]
    ],
    "liquidations": [],
    "receive_time": 1717366867.376,
    "_doc": "987811f3-0915-45d1-b70c-e6e1ab9fe21f"
  },
  {
    "trades": [
      [
        {
          "side": "buy",
          "price": 67849.75,
          "quantity": 0.00192,
          "timestamp": "2024-06-02 23:21:05"
        }
      ]
    ],
    "liquidations": [],
    "receive_time": 1717366865.318,
    "_doc": "d89c9d26-fdba-44db-a616-558c78442585"
  },
  {
    "trades": [
      [
        {
          "side": "sell",
          "price": 67850.76,
          "quantity": 0.006373,
          "timestamp": "2024-06-02 23:21:04"
        }
      ],
      [
        {
          "side": "sell",
          "price": 67849.75,
          "quantity": 0.001925,
          "timestamp": "2024-06-02 23:21:04"
        }
      ],
      [
        {
          "side": "sell",
          "price": 67849.74,
          "quantity": 0.004448,
          "timestamp": "2024-06-02 23:21:04"
        }
      ]
    ],
    "liquidations": [],
    "receive_time": 1717366864.058,
    "_doc": "be73040e-ab1a-4eee-bb91-697b7915ad76"
  },
  {
    "trades": [
      [
        {
          "side": "sell",
          "price": 67886.8,
          "quantity": 0.014481,
          "timestamp": "2024-06-02 23:21:03"
        }
      ],
      [
        {
          "side": "sell",
          "price": 67886.8,
          "quantity": 0.003647,
          "timestamp": "2024-06-02 23:21:03"
        }
      ]
    ],
    "liquidations": [],
    "receive_time": 1717366863.629,
    "_doc": "3772a73f-cdcd-4c30-a56c-dfc1acf9889c"
  },
  {
    "trades": [
      [
        {
          "side": "sell",
          "price": 67850.8,
          "quantity": 0.006373,
          "timestamp": "2024-06-02 23:21:03"
        }
      ],
      [
        {
          "side": "sell",
          "price": 67849.77,
          "quantity": 0.006373,
          "timestamp": "2024-06-02 23:21:03"
        }
      ]
    ],
    "liquidations": [],
    "receive_time": 1717366863.385,
    "_doc": "0e308c9d-be27-47f5-a7df-0ba9b6a2de5c"
  },
  {
    "trades": [
      [
        {
          "side": "sell",
          "price": 67851.02,
          "quantity": 3e-06,
          "timestamp": "2024-06-02 23:21:02"
        }
      ],
      [
        {
          "side": "sell",
          "price": 67850.0,
          "quantity": 0.006373,
          "timestamp": "2024-06-02 23:21:02"
        }
      ],
      [
        {
          "side": "sell",
          "price": 67848.98,
          "quantity": 0.006374,
          "timestamp": "2024-06-02 23:21:02"
        }
      ]
    ],
    "liquidations": [],
    "receive_time": 1717366862.865,
    "_doc": "0b733558-a80b-4096-ac79-48e29e3c425e"
  },
  {
    "trades": [
      [
        {
          "side": "sell",
          "price": 67851.02,
          "quantity": 0.00637,
          "timestamp": "2024-06-02 23:21:02"
        }
      ]
    ],
    "liquidations": [],
    "receive_time": 1717366862.833,
    "_doc": "073fd0a4-0a81-4b33-82e5-1cf433910c8f"
  },
  {
    "trades": [
      [
        {
          "side": "sell",
          "price": 67886.8,
          "quantity": 0.00025,
          "timestamp": "2024-06-02 23:21:01"
        }
      ]
    ],
    "liquidations": [],
    "receive_time": 1717366861.752,
    "_doc": "c901e9a1-020a-4b1f-bdf8-73b88e4565b7"
  },
  {
    "trades": [
      [
        {
          "side": "sell",
          "price": 67851.21,
          "quantity": 0.006333,
          "timestamp": "2024-06-02 23:21:01"
        }
      ],
      [
        {
          "side": "sell",
          "price": 67850.19,
          "quantity": 0.006333,
          "timestamp": "2024-06-02 23:21:01"
        }
      ],
      [
        {
          "side": "sell",
          "price": 67849.17,
          "quantity": 0.001925,
          "timestamp": "2024-06-02 23:21:01"
        }
      ],
      [
        {
          "side": "sell",
          "price": 67849.16,
          "quantity": 0.006334,
          "timestamp": "2024-06-02 23:21:01"
        }
      ]
    ],
    "liquidations": [],
    "receive_time": 1717366861.404,
    "_doc": "f2bb1f23-0f91-4cdf-8c42-3ccdd2f62019"
  },
  {
    "trades": [
      [
        {
          "side": "sell",
          "price": 67853.23,
          "quantity": 0.006333,
          "timestamp": "2024-06-02 23:21:00"
        }
      ]
    ],
    "liquidations": [],
    "receive_time": 1717366860.742,
    "_doc": "207b2d61-f920-4043-a1b2-1c1c6c9cca9a"
  },
  {
    "trades": [
      [
        {
          "side": "sell",
          "price": 67886.8,
          "quantity": 0.005709,
          "timestamp": "2024-06-02 23:21:00"
        }
      ]
    ],
    "liquidations": [],
    "receive_time": 1717366860.184,
    "_doc": "d3bf62a0-bd94-4737-8182-48545786c977"
  },
  {
    "trades": [
      [
        {
          "side": "sell",
          "price": 67851.69,
          "quantity": 0.001925,
          "timestamp": "2024-06-02 23:21:00"
        }
      ],
      [
        {
          "side": "sell",
          "price": 67851.68,
          "quantity": 0.006278,
          "timestamp": "2024-06-02 23:21:00"
        }
      ]
    ],
    "liquidations": [],
    "receive_time": 1717366860.036,
    "_doc": "1c39ce22-e386-496c-9303-d5e97a3acc0b"
  },
  {
    "trades": [
      [
        {
          "side": "sell",
          "price": 67853.72,
          "quantity": 0.006278,
          "timestamp": "2024-06-02 23:21:00"
        }
      ],
      [
        {
          "side": "sell",
          "price": 67852.7,
          "quantity": 0.006278,
          "timestamp": "2024-06-02 23:21:00"
        }
      ]
    ],
    "liquidations": [],
    "receive_time": 1717366860.03,
    "_doc": "54ac4012-f0ee-4062-a5b0-29b72913ef4c"
  },
  {
    "trades": [
      [
        {
          "side": "sell",
          "price": 67886.8,
          "quantity": 0.000314,
          "timestamp": "2024-06-02 23:20:59"
        }
      ]
    ],
    "liquidations": [],
    "receive_time": 1717366859.994,
    "_doc": "4b5f7729-4a08-47c2-a84e-df7c1e5df786"
  },
  {
    "trades": [
      [
        {
          "side": "buy",
          "price": 67886.81,
          "quantity": 0.000589,
          "timestamp": "2024-06-02 23:20:59"
        }
      ],
      [
        {
          "side": "buy",
          "price": 67886.81,
          "quantity": 6.9e-05,
          "timestamp": "2024-06-02 23:20:59"
        }
      ]
    ],
    "liquidations": [],
    "receive_time": 1717366859.959,
    "_doc": "102939d1-f0cb-4f22-a752-beaff0e89dc8"
  },
  {
    "trades": [
      [
        {
          "side": "sell",
          "price": 67886.8,
          "quantity": 3.2e-05,
          "timestamp": "2024-06-02 23:20:59"
        }
      ]
    ],
    "liquidations": [],
    "receive_time": 1717366859.899,
    "_doc": "9376670f-5615-49c7-88de-c0a49615a31c"
  },
  {
    "trades": [
      [
        {
          "side": "sell",
          "price": 67853.49,
          "quantity": 0.006278,
          "timestamp": "2024-06-02 23:20:58"
        }
      ],
      [
        {
          "side": "sell",
          "price": 67852.83,
          "quantity": 0.002383,
          "timestamp": "2024-06-02 23:20:58"
        }
      ],
      [
        {
          "side": "sell",
          "price": 67852.82,
          "quantity": 0.00644,
          "timestamp": "2024-06-02 23:20:58"
        }
      ]
    ],
    "liquidations": [],
    "receive_time": 1717366858.585,
    "_doc": "fbb9edc0-c643-4fdf-bab6-053cab96fb34"
  },
  {
    "trades": [
      [
        {
          "side": "sell",
          "price": 67854.43,
          "quantity": 0.006278,
          "timestamp": "2024-06-02 23:20:58"
        }
      ],
      [
        {
          "side": "sell",
          "price": 67853.64,
          "quantity": 0.007151,
          "timestamp": "2024-06-02 23:20:58"
        }
      ]
    ],
    "liquidations": [],
    "receive_time": 1717366858.105,
    "_doc": "b7293cb6-485b-434e-b71c-a0780bb6e807"
  },
  {
    "trades": [
      [
        {
          "side": "buy",
          "price": 67886.29,
          "quantity": 0.014732,
          "timestamp": "2024-06-02 23:20:56"
        }
      ],
      [
        {
          "side": "buy",
          "price": 67886.29,
          "quantity": 0.014732,
          "timestamp": "2024-06-02 23:20:56"
        }
      ],
      [
        {
          "side": "buy",
          "price": 67886.29,
          "quantity": 0.014732,
          "timestamp": "2024-06-02 23:20:56"
        }
      ],
      [
        {
          "side": "buy",
          "price": 67886.29,
          "quantity": 0.014732,
          "timestamp": "2024-06-02 23:20:56"
        }
      ],
      [
        {
          "side": "buy",
          "price": 67886.29,
          "quantity": 0.014732,
          "timestamp": "2024-06-02 23:20:56"
        }
      ],
      [
        {
          "side": "buy",
          "price": 67886.29,
          "quantity": 0.014732,
          "timestamp": "2024-06-02 23:20:56"
        }
      ],
      [
        {
          "side": "buy",
          "price": 67886.41,
          "quantity": 4.8e-05,
          "timestamp": "2024-06-02 23:20:56"
        }
      ],
      [
        {
          "side": "buy",
          "price": 67886.5,
          "quantity": 5e-05,
          "timestamp": "2024-06-02 23:20:56"
        }
      ],
      [
        {
          "side": "buy",
          "price": 67886.55,
          "quantity": 0.000737,
          "timestamp": "2024-06-02 23:20:56"
        }
      ]
    ],
    "liquidations": [],
    "receive_time": 1717366856.665,
    "_doc": "6603c726-58cd-42ff-9390-d8d57f406b93"
  },
  {
    "trades": [
      [
        {
          "side": "buy",
          "price": 67854.72,
          "quantity": 0.001925,
          "timestamp": "2024-06-02 23:20:56"
        }
      ],
      [
        {
          "side": "buy",
          "price": 67854.77,
          "quantity": 0.001925,
          "timestamp": "2024-06-02 23:20:56"
        }
      ],
      [
        {
          "side": "buy",
          "price": 67855.57,
          "quantity": 0.010102,
          "timestamp": "2024-06-02 23:20:56"
        }
      ]
    ],
    "liquidations": [],
    "receive_time": 1717366856.647,
    "_doc": "2577685a-731b-4b68-b22d-a6b1fc5ad614"
  },
  {
    "trades": [
      [
        {
          "side": "buy",
          "price": 67886.29,
          "quantity": 0.001548,
          "timestamp": "2024-06-02 23:20:56"
        }
      ]
    ],
    "liquidations": [],
    "receive_time": 1717366856.442,
    "_doc": "c685affd-2767-4a1c-b7dd-e74c07a84027"
  },
  {
    "trades": [
      [
        {
          "side": "sell",
          "price": 67853.37,
          "quantity": 0.007068,
          "timestamp": "2024-06-02 23:20:56"
        }
      ],
      [
        {
          "side": "sell",
          "price": 67853.36,
          "quantity": 0.00644,
          "timestamp": "2024-06-02 23:20:56"
        }
      ]
    ],
    "liquidations": [],
    "receive_time": 1717366856.345,
    "_doc": "f52e5c02-cb23-4132-91ac-9a73a181d9ed"
  },
  {
    "trades": [
      [
        {
          "side": "buy",
          "price": 67852.0,
          "quantity": 0.001925,
          "timestamp": "2024-06-02 23:20:56"
        }
      ]
    ],
    "liquidations": [],
    "receive_time": 1717366856.094,
    "_doc": "604a5ca1-c62a-4da5-96a5-420c8d329da9"
  },
  {
    "trades": [
      [
        {
          "side": "sell",
          "price": 67851.99,
          "quantity": 0.00648,
          "timestamp": "2024-06-02 23:20:54"
        }
      ]
    ],
    "liquidations": [],
    "receive_time": 1717366854.494,
    "_doc": "c90f47b5-8db0-48c0-99da-ca20ffeb9b8c"
  },
  {
    "trades": [
      [
        {
          "side": "sell",
          "price": 67886.28,
          "quantity": 0.002819,
          "timestamp": "2024-06-02 23:20:53"
        }
      ]
    ],
    "liquidations": [],
    "receive_time": 1717366853.867,
    "_doc": "867d9db7-7891-4fd2-8d73-ab11a14b11c2"
  },
  {
    "trades": [
      [
        {
          "side": "sell",
          "price": 67852.41,
          "quantity": 0.002383,
          "timestamp": "2024-06-02 23:20:53"
        }
      ],
      [
        {
          "side": "sell",
          "price": 67851.39,
          "quantity": 0.001925,
          "timestamp": "2024-06-02 23:20:53"
        }
      ],
      [
        {
          "side": "sell",
          "price": 67851.38,
          "quantity": 0.006589,
          "timestamp": "2024-06-02 23:20:53"
        }
      ]
    ],
    "liquidations": [],
    "receive_time": 1717366853.456,
    "_doc": "61b6cf14-faa8-4fb3-b027-2787018c24e0"
  },
  {
    "trades": [
      [
        {
          "side": "sell",
          "price": 67886.28,
          "quantity": 0.000626,
          "timestamp": "2024-06-02 23:20:52"
        }
      ]
    ],
    "liquidations": [],
    "receive_time": 1717366852.613,
    "_doc": "81c92da2-ccfb-46c4-aa74-b2c06ad49445"
  },
  {
    "trades": [
      [
        {
          "side": "sell",
          "price": 67886.28,
          "quantity": 0.001408,
          "timestamp": "2024-06-02 23:20:52"
        }
      ]
    ],
    "liquidations": [],
    "receive_time": 1717366852.408,
    "_doc": "5687bf93-b1de-4a81-91fc-0c20676ca8cc"
  },
  {
    "trades": [
      [
        {
          "side": "sell",
          "price": 67852.19,
          "quantity": 0.007151,
          "timestamp": "2024-06-02 23:20:52"
        }
      ],
      [
        {
          "side": "sell",
          "price": 67852.17,
          "quantity": 0.006612,
          "timestamp": "2024-06-02 23:20:52"
        }
      ]
    ],
    "liquidations": [],
    "receive_time": 1717366852.334,
    "_doc": "88c7b07c-b97e-4891-afa3-491878d14ec9"
  },
  {
    "trades": [
      [
        {
          "side": "buy",
          "price": 67855.22,
          "quantity": 0.002383,
          "timestamp": "2024-06-02 23:20:52"
        }
      ]
    ],
    "liquidations": [],
    "receive_time": 1717366852.347,
    "_doc": "b7976983-809d-4a7c-894f-1499760ce3a6"
  },
  {
    "trades": [
      [
        {
          "side": "buy",
          "price": 67884.23,
          "quantity": 7.3e-05,
          "timestamp": "2024-06-02 23:20:52"
        }
      ],
      [
        {
          "side": "buy",
          "price": 67884.51,
          "quantity": 0.000737,
          "timestamp": "2024-06-02 23:20:52"
        }
      ],
      [
        {
          "side": "buy",
          "price": 67884.77,
          "quantity": 0.000589,
          "timestamp": "2024-06-02 23:20:52"
        }
      ],
      [
        {
          "side": "buy",
          "price": 67884.88,
          "quantity": 0.0016,
          "timestamp": "2024-06-02 23:20:52"
        }
      ]
    ],
    "liquidations": [],
    "receive_time": 1717366852.19,
    "_doc": "7cf543ae-7272-4308-a8c0-a59a8c51f027"
  },
  {
    "trades": [
      [
        {
          "side": "buy",
          "price": 67885.19,
          "quantity": 0.000737,
          "timestamp": "2024-06-02 23:20:52"
        }
      ],
      [
        {
          "side": "buy",
          "price": 67885.45,
          "quantity": 0.000589,
          "timestamp": "2024-06-02 23:20:52"
        }
      ],
      [
        {
          "side": "buy",
          "price": 67885.87,
          "quantity": 0.000737,
          "timestamp": "2024-06-02 23:20:52"
        }
      ],
      [
        {
          "side": "buy",
          "price": 67886.13,
          "quantity": 0.000589,
          "timestamp": "2024-06-02 23:20:52"
        }
      ],
      [
        {
          "side": "buy",
          "price": 67886.38,
          "quantity": 0.000347,
          "timestamp": "2024-06-02 23:20:52"
        }
      ]
    ],
    "liquidations": [],
    "receive_time": 1717366852.192,
    "_doc": "2ce96035-771f-4415-a66b-c96308d3fe6b"
  },
  {
    "trades": [
      [
        {
          "side": "buy",
          "price": 67884.09,
          "quantity": 6.5e-05,
          "timestamp": "2024-06-02 23:20:52"
        }
      ],
      [
        {
          "side": "buy",
          "price": 67884.23,
          "quantity": 0.006585,
          "timestamp": "2024-06-02 23:20:52"
        }
      ]
    ],
    "liquidations": [],
    "receive_time": 1717366852.187,
    "_doc": "8ea01475-308b-4aa4-8e5f-5d5a717258b5"
  },
  {
    "trades": [
      [
        {
          "side": "buy",
          "price": 67883.71,
          "quantity": 1e-06,
          "timestamp": "2024-06-02 23:20:52"
        }
      ],
      [
        {
          "side": "buy",
          "price": 67883.83,
          "quantity": 0.000729,
          "timestamp": "2024-06-02 23:20:52"
        }
      ]
    ],
    "liquidations": [],
    "receive_time": 1717366852.186,
    "_doc": "f90a1453-4cbf-4741-8469-eeeb809ea855"
  },
  {
    "trades": [
      [
        {
          "side": "buy",
          "price": 67883.83,
          "quantity": 8e-06,
          "timestamp": "2024-06-02 23:20:52"
        }
      ],
      [
        {
          "side": "buy",
          "price": 67884.0,
          "quantity": 4.8e-05,
          "timestamp": "2024-06-02 23:20:52"
        }
      ],
      [
        {
          "side": "buy",
          "price": 67884.09,
          "quantity": 0.000524,
          "timestamp": "2024-06-02 23:20:52"
        }
      ]
    ],
    "liquidations": [],
    "receive_time": 1717366852.187,
    "_doc": "e2d019ea-5c16-44b5-aeab-7389c7b48069"
  },
  {
    "trades": [
      [
        {
          "side": "buy",
          "price": 67883.71,
          "quantity": 0.00136,
          "timestamp": "2024-06-02 23:20:52"
        }
      ]
    ],
    "liquidations": [],
    "receive_time": 1717366852.186,
    "_doc": "a01a06f9-00bc-4515-a1c9-be53267405dd"
  },
  {
    "trades": [
      [
        {
          "side": "buy",
          "price": 67853.28,
          "quantity": 0.01608,
          "timestamp": "2024-06-02 23:20:52"
        }
      ]
    ],
    "liquidations": [],
    "receive_time": 1717366852.176,
    "_doc": "0b48b909-9e67-4023-8635-7cf88ef8fadd"
  },
  {
    "trades": [
      [
        {
          "side": "buy",
          "price": 67853.13,
          "quantity": 0.006735,
          "timestamp": "2024-06-02 23:20:52"
        }
      ],
      [
        {
          "side": "buy",
          "price": 67853.28,
          "quantity": 0.025928,
          "timestamp": "2024-06-02 23:20:52"
        }
      ]
    ],
    "liquidations": [],
    "receive_time": 1717366852.175,
    "_doc": "e68704f2-d064-4aaa-9454-d0c6779b4688"
  },
  {
    "trades": [
      [
        {
          "side": "buy",
          "price": 67881.79,
          "quantity": 0.000737,
          "timestamp": "2024-06-02 23:20:52"
        }
      ],
      [
        {
          "side": "buy",
          "price": 67882.05,
          "quantity": 0.000589,
          "timestamp": "2024-06-02 23:20:52"
        }
      ],
      [
        {
          "side": "buy",
          "price": 67882.47,
          "quantity": 0.000737,
          "timestamp": "2024-06-02 23:20:52"
        }
      ],
      [
        {
          "side": "buy",
          "price": 67882.73,
          "quantity": 0.000589,
          "timestamp": "2024-06-02 23:20:52"
        }
      ],
      [
        {
          "side": "buy",
          "price": 67883.15,
          "quantity": 0.000737,
          "timestamp": "2024-06-02 23:20:52"
        }
      ],
      [
        {
          "side": "buy",
          "price": 67883.41,
          "quantity": 0.000589,
          "timestamp": "2024-06-02 23:20:52"
        }
      ],
      [
        {
          "side": "buy",
          "price": 67883.52,
          "quantity": 0.006612,
          "timestamp": "2024-06-02 23:20:52"
        }
      ]
    ],
    "liquidations": [],
    "receive_time": 1717366852.175,
    "_doc": "50dacdc5-36f2-4461-b76a-e10b16a6f84b"
  },
  {
    "trades": [
      [
        {
          "side": "buy",
          "price": 67851.94,
          "quantity": 0.006658,
          "timestamp": "2024-06-02 23:20:52"
        }
      ],
      [
        {
          "side": "buy",
          "price": 67851.99,
          "quantity": 0.01977,
          "timestamp": "2024-06-02 23:20:52"
        }
      ]
    ],
    "liquidations": [],
    "receive_time": 1717366852.174,
    "_doc": "a67d7bc9-0b78-48db-93e5-01a9dcea7d45"
  },
  {
    "trades": [
      [
        {
          "side": "buy",
          "price": 67881.11,
          "quantity": 0.000737,
          "timestamp": "2024-06-02 23:20:52"
        }
      ],
      [
        {
          "side": "buy",
          "price": 67881.11,
          "quantity": 0.011832,
          "timestamp": "2024-06-02 23:20:52"
        }
      ],
      [
        {
          "side": "buy",
          "price": 67881.11,
          "quantity": 0.005915,
          "timestamp": "2024-06-02 23:20:52"
        }
      ],
      [
        {
          "side": "buy",
          "price": 67881.11,
          "quantity": 0.005914,
          "timestamp": "2024-06-02 23:20:52"
        }
      ],
      [
        {
          "side": "buy",
          "price": 67881.11,
          "quantity": 0.005897,
          "timestamp": "2024-06-02 23:20:52"
        }
      ],
      [
        {
          "side": "buy",
          "price": 67881.11,
          "quantity": 0.005911,
          "timestamp": "2024-06-02 23:20:52"
        }
      ],
      [
        {
          "side": "buy",
          "price": 67881.11,
          "quantity": 0.00591,
          "timestamp": "2024-06-02 23:20:52"
        }
      ],
      [
        {
          "side": "buy",
          "price": 67881.11,
          "quantity": 0.000186,
          "timestamp": "2024-06-02 23:20:52"
        }
      ],
      [
        {
          "side": "buy",
          "price": 67881.37,
          "quantity": 0.000589,
          "timestamp": "2024-06-02 23:20:52"
        }
      ]
    ],
    "liquidations": [],
    "receive_time": 1717366852.174,
    "_doc": "11f42b69-aacd-445a-a83a-91624c4a9bf6"
  },
  {
    "trades": [
      [
        {
          "side": "sell",
          "price": 67881.1,
          "quantity": 0.000319,
          "timestamp": "2024-06-02 23:20:51"
        }
      ],
      [
        {
          "side": "sell",
          "price": 67881.1,
          "quantity": 0.005875,
          "timestamp": "2024-06-02 23:20:51"
        }
      ],
      [
        {
          "side": "sell",
          "price": 67881.1,
          "quantity": 0.000184,
          "timestamp": "2024-06-02 23:20:51"
        }
      ]
    ],
    "liquidations": [],
    "receive_time": 1717366851.27,
    "_doc": "b04c5613-5a01-4222-a224-28adf273a401"
  },
  {
    "trades": [
      [
        {
          "side": "buy",
          "price": 67880.69,
          "quantity": 0.000589,
          "timestamp": "2024-06-02 23:20:49"
        }
      ],
      [
        {
          "side": "buy",
          "price": 67881.0,
          "quantity": 4.8e-05,
          "timestamp": "2024-06-02 23:20:49"
        }
      ]
    ],
    "liquidations": [],
    "receive_time": 1717366849.704,
    "_doc": "73928877-446f-417d-9ca4-4ae7f9485964"
  },
  {
    "trades": [
      [
        {
          "side": "buy",
          "price": 67880.43,
          "quantity": 5e-06,
          "timestamp": "2024-06-02 23:20:49"
        }
      ]
    ],
    "liquidations": [],
    "receive_time": 1717366849.666,
    "_doc": "9522a158-6c06-464c-b106-98c9e0b85a1f"
  },
  {
    "trades": [
      [
        {
          "side": "buy",
          "price": 67878.65,
          "quantity": 0.000589,
          "timestamp": "2024-06-02 23:20:49"
        }
      ],
      [
        {
          "side": "buy",
          "price": 67878.92,
          "quantity": 0.032426,
          "timestamp": "2024-06-02 23:20:49"
        }
      ],
      [
        {
          "side": "buy",
          "price": 67879.07,
          "quantity": 0.000737,
          "timestamp": "2024-06-02 23:20:49"
        }
      ],
      [
        {
          "side": "buy",
          "price": 67879.33,
          "quantity": 0.000589,
          "timestamp": "2024-06-02 23:20:49"
        }
      ],
      [
        {
          "side": "buy",
          "price": 67879.33,
          "quantity": 0.068252,
          "timestamp": "2024-06-02 23:20:49"
        }
      ],
      [
        {
          "side": "buy",
          "price": 67879.75,
          "quantity": 0.000737,
          "timestamp": "2024-06-02 23:20:49"
        }
      ],
      [
        {
          "side": "buy",
          "price": 67880.01,
          "quantity": 0.000589,
          "timestamp": "2024-06-02 23:20:49"
        }
      ],
      [
        {
          "side": "buy",
          "price": 67880.43,
          "quantity": 0.000732,
          "timestamp": "2024-06-02 23:20:49"
        }
      ]
    ],
    "liquidations": [],
    "receive_time": 1717366849.666,
    "_doc": "6910d55d-2fce-45b4-b855-108d3a372ec4"
  },
  {
    "trades": [
      [
        {
          "side": "buy",
          "price": 67878.39,
          "quantity": 0.000737,
          "timestamp": "2024-06-02 23:20:49"
        }
      ]
    ],
    "liquidations": [],
    "receive_time": 1717366849.623,
    "_doc": "d2a2cb6b-8939-4060-bec7-d70803b429b8"
  },
  {
    "trades": [
      [
        {
          "side": "buy",
          "price": 67877.98,
          "quantity": 0.019303,
          "timestamp": "2024-06-02 23:20:49"
        }
      ]
    ],
    "liquidations": [],
    "receive_time": 1717366849.603,
    "_doc": "bf8ac3a5-1021-4418-8952-70e1d6889370"
  },
  {
    "trades": [
      [
        {
          "side": "buy",
          "price": 67877.98,
          "quantity": 0.000814,
          "timestamp": "2024-06-02 23:20:49"
        }
      ],
      [
        {
          "side": "buy",
          "price": 67877.98,
          "quantity": 0.005897,
          "timestamp": "2024-06-02 23:20:49"
        }
      ],
      [
        {
          "side": "buy",
          "price": 67877.98,
          "quantity": 0.006861,
          "timestamp": "2024-06-02 23:20:49"
        }
      ]
    ],
    "liquidations": [],
    "receive_time": 1717366849.6,
    "_doc": "36a36e92-90e7-44fa-bf27-e453c259fd9c"
  },
  {
    "trades": [
      [
        {
          "side": "buy",
          "price": 67877.98,
          "quantity": 0.004578,
          "timestamp": "2024-06-02 23:20:49"
        }
      ]
    ],
    "liquidations": [],
    "receive_time": 1717366849.57,
    "_doc": "20804297-0e08-41f4-a5d2-86478f54a235"
  },
  {
    "trades": [
      [
        {
          "side": "buy",
          "price": 67877.98,
          "quantity": 0.00591,
          "timestamp": "2024-06-02 23:20:49"
        }
      ],
      [
        {
          "side": "buy",
          "price": 67877.98,
          "quantity": 0.005911,
          "timestamp": "2024-06-02 23:20:49"
        }
      ],
      [
        {
          "side": "buy",
          "price": 67877.98,
          "quantity": 0.011832,
          "timestamp": "2024-06-02 23:20:49"
        }
      ],
      [
        {
          "side": "buy",
          "price": 67877.98,
          "quantity": 0.005914,
          "timestamp": "2024-06-02 23:20:49"
        }
      ],
      [
        {
          "side": "buy",
          "price": 67877.98,
          "quantity": 0.000523,
          "timestamp": "2024-06-02 23:20:49"
        }
      ]
    ],
    "liquidations": [],
    "receive_time": 1717366849.524,
    "_doc": "4587d5f6-473a-4fd8-b2a0-1defc0c97662"
  },
  {
    "trades": [
      [
        {
          "side": "buy",
          "price": 67877.71,
          "quantity": 2.8e-05,
          "timestamp": "2024-06-02 23:20:49"
        }
      ],
      [
        {
          "side": "buy",
          "price": 67877.97,
          "quantity": 0.000589,
          "timestamp": "2024-06-02 23:20:49"
        }
      ]
    ],
    "liquidations": [],
    "receive_time": 1717366849.403,
    "_doc": "5355c59e-3438-4034-b1b9-3bea520c65bb"
  },
  {
    "trades": [
      [
        {
          "side": "buy",
          "price": 67877.29,
          "quantity": 2.1e-05,
          "timestamp": "2024-06-02 23:20:49"
        }
      ],
      [
        {
          "side": "buy",
          "price": 67877.71,
          "quantity": 0.000709,
          "timestamp": "2024-06-02 23:20:49"
        }
      ]
    ],
    "liquidations": [],
    "receive_time": 1717366849.373,
    "_doc": "5d92a7c7-104c-451f-92fa-19feb62c5468"
  },
  {
    "trades": [
      [
        {
          "side": "buy",
          "price": 67877.03,
          "quantity": 1.2e-05,
          "timestamp": "2024-06-02 23:20:49"
        }
      ],
      [
        {
          "side": "buy",
          "price": 67877.29,
          "quantity": 0.000568,
          "timestamp": "2024-06-02 23:20:49"
        }
      ]
    ],
    "liquidations": [],
    "receive_time": 1717366849.363,
    "_doc": "ea4c499f-863c-481d-ab73-e461bb254c12"
  },
  {
    "trades": [
      [
        {
          "side": "sell",
          "price": 67877.0,
          "quantity": 8e-05,
          "timestamp": "2024-06-02 23:20:49"
        }
      ]
    ],
    "liquidations": [],
    "receive_time": 1717366849.362,
    "_doc": "24595707-b81b-4981-970d-c008307392f5"
  },
  {
    "trades": [
      [
        {
          "side": "buy",
          "price": 67877.02,
          "quantity": 5e-06,
          "timestamp": "2024-06-02 23:20:49"
        }
      ],
      [
        {
          "side": "buy",
          "price": 67877.03,
          "quantity": 0.000725,
          "timestamp": "2024-06-02 23:20:49"
        }
      ]
    ],
    "liquidations": [],
    "receive_time": 1717366849.361,
    "_doc": "99708064-8f1c-426f-9e56-eb66543615c8"
  },
  {
    "trades": [
      [
        {
          "side": "buy",
          "price": 67877.01,
          "quantity": 2e-06,
          "timestamp": "2024-06-02 23:20:49"
        }
      ],
      [
        {
          "side": "buy",
          "price": 67877.02,
          "quantity": 0.006518,
          "timestamp": "2024-06-02 23:20:49"
        }
      ]
    ],
    "liquidations": [],
    "receive_time": 1717366849.361,
    "_doc": "f4b90008-a365-4934-a732-60d9dac91a10"
  },
  {
    "trades": [
      [
        {
          "side": "buy",
          "price": 67877.01,
          "quantity": 0.00135,
          "timestamp": "2024-06-02 23:20:49"
        }
      ]
    ],
    "liquidations": [],
    "receive_time": 1717366849.357,
    "_doc": "e99f59c1-3c6a-4632-a551-7d01506682a5"
  },
  {
    "trades": [
      [
        {
          "side": "buy",
          "price": 67849.49,
          "quantity": 0.039739,
          "timestamp": "2024-06-02 23:20:49"
        }
      ],
      [
        {
          "side": "buy",
          "price": 67849.98,
          "quantity": 0.000297,
          "timestamp": "2024-06-02 23:20:49"
        }
      ]
    ],
    "liquidations": [],
    "receive_time": 1717366849.356,
    "_doc": "d029f04e-df3c-486a-b5fc-7fc95a0b603e"
  },
  {
    "trades": [
      [
        {
          "side": "buy",
          "price": 67876.61,
          "quantity": 0.000589,
          "timestamp": "2024-06-02 23:20:49"
        }
      ]
    ],
    "liquidations": [],
    "receive_time": 1717366849.343,
    "_doc": "b8f83234-0a69-4d44-84f5-226d862f4dd8"
  },
  {
    "trades": [
      [
        {
          "side": "buy",
          "price": 67876.35,
          "quantity": 0.000737,
          "timestamp": "2024-06-02 23:20:49"
        }
      ]
    ],
    "liquidations": [],
    "receive_time": 1717366849.327,
    "_doc": "af99e1d5-95d8-40d8-b627-a4d436f83d7f"
  },
  {
    "trades": [
      [
        {
          "side": "buy",
          "price": 67875.67,
          "quantity": 0.008866,
          "timestamp": "2024-06-02 23:20:49"
        }
      ],
      [
        {
          "side": "buy",
          "price": 67875.93,
          "quantity": 0.000589,
          "timestamp": "2024-06-02 23:20:49"
        }
      ]
    ],
    "liquidations": [],
    "receive_time": 1717366849.326,
    "_doc": "fef5ee91-d2ac-418a-8e05-2c7a06b0a1a3"
  },
  {
    "trades": [
      [
        {
          "side": "buy",
          "price": 67847.72,
          "quantity": 0.006735,
          "timestamp": "2024-06-02 23:20:49"
        }
      ]
    ],
    "liquidations": [],
    "receive_time": 1717366849.326,
    "_doc": "b7732a6c-6a82-4494-b68d-1f317bd8dc6d"
  },
  {
    "trades": [
      [
        {
          "side": "buy",
          "price": 67875.67,
          "quantity": 0.000737,
          "timestamp": "2024-06-02 23:20:49"
        }
      ],
      [
        {
          "side": "buy",
          "price": 67875.67,
          "quantity": 0.079369,
          "timestamp": "2024-06-02 23:20:49"
        }
      ],
      [
        {
          "side": "buy",
          "price": 67875.67,
          "quantity": 0.02108,
          "timestamp": "2024-06-02 23:20:49"
        }
      ]
    ],
    "liquidations": [],
    "receive_time": 1717366849.321,
    "_doc": "da14abae-b0dc-4b87-9874-d502f4ed4388"
  },
  {
    "trades": [
      [
        {
          "side": "buy",
          "price": 67846.64,
          "quantity": 0.006735,
          "timestamp": "2024-06-02 23:20:49"
        }
      ]
    ],
    "liquidations": [],
    "receive_time": 1717366849.32,
    "_doc": "693bf1d9-8787-4c40-a0d0-c9a102dac235"
  },
  {
    "trades": [
      [
        {
          "side": "buy",
          "price": 67845.35,
          "quantity": 0.006735,
          "timestamp": "2024-06-02 23:20:49"
        }
      ]
    ],
    "liquidations": [],
    "receive_time": 1717366849.318,
    "_doc": "8fa4514d-60a9-4296-a0f3-191179f63103"
  },
  {
    "trades": [
      [
        {
          "side": "buy",
          "price": 67875.25,
          "quantity": 0.000535,
          "timestamp": "2024-06-02 23:20:49"
        }
      ]
    ],
    "liquidations": [],
    "receive_time": 1717366849.043,
    "_doc": "60337d8e-58a5-49d4-8f75-00caf943163f"
  },
  {
    "trades": [
      [
        {
          "side": "buy",
          "price": 67875.0,
          "quantity": 0.0001,
          "timestamp": "2024-06-02 23:20:49"
        }
      ],
      [
        {
          "side": "buy",
          "price": 67875.25,
          "quantity": 5.4e-05,
          "timestamp": "2024-06-02 23:20:49"
        }
      ]
    ],
    "liquidations": [],
    "receive_time": 1717366849.018,
    "_doc": "20e7f094-64b6-4694-b7e7-ca6a2e7c2042"
  },
  {
    "trades": [
      [
        {
          "side": "buy",
          "price": 67874.74,
          "quantity": 0.0003,
          "timestamp": "2024-06-02 23:20:48"
        }
      ],
      [
        {
          "side": "buy",
          "price": 67874.99,
          "quantity": 0.000737,
          "timestamp": "2024-06-02 23:20:48"
        }
      ]
    ],
    "liquidations": [],
    "receive_time": 1717366848.884,
    "_doc": "674bf050-ed23-431f-bd84-7b1e8d7852db"
  },
  {
    "trades": [
      [
        {
          "side": "buy",
          "price": 67874.28,
          "quantity": 0.062775,
          "timestamp": "2024-06-02 23:20:48"
        }
      ],
      [
        {
          "side": "buy",
          "price": 67874.31,
          "quantity": 0.000737,
          "timestamp": "2024-06-02 23:20:48"
        }
      ],
      [
        {
          "side": "buy",
          "price": 67874.4,
          "quantity": 0.0003,
          "timestamp": "2024-06-02 23:20:48"
        }
      ],
      [
        {
          "side": "buy",
          "price": 67874.57,
          "quantity": 0.000589,
          "timestamp": "2024-06-02 23:20:48"
        }
      ],
      [
        {
          "side": "buy",
          "price": 67874.57,
          "quantity": 0.0003,
          "timestamp": "2024-06-02 23:20:48"
        }
      ]
    ],
    "liquidations": [],
    "receive_time": 1717366848.875,
    "_doc": "2d5a2889-2f57-436a-9d59-36f1371a639f"
  },
  {
    "trades": [
      [
        {
          "side": "buy",
          "price": 67843.86,
          "quantity": 0.001394,
          "timestamp": "2024-06-02 23:20:48"
        }
      ]
    ],
    "liquidations": [],
    "receive_time": 1717366848.875,
    "_doc": "a38a4e03-4b6c-4a59-8296-d05eb14b3d0c"
  },
  {
    "trades": [
      [
        {
          "side": "buy",
          "price": 67843.84,
          "quantity": 0.006705,
          "timestamp": "2024-06-02 23:20:48"
        }
      ],
      [
        {
          "side": "buy",
          "price": 67843.85,
          "quantity": 0.035156,
          "timestamp": "2024-06-02 23:20:48"
        }
      ],
      [
        {
          "side": "buy",
          "price": 67843.86,
          "quantity": 0.057196,
          "timestamp": "2024-06-02 23:20:48"
        }
      ]
    ],
    "liquidations": [],
    "receive_time": 1717366848.865,
    "_doc": "a98123b1-50da-4d72-973d-50574cd4dd19"
  },
  {
    "trades": [
      [
        {
          "side": "buy",
          "price": 67873.72,
          "quantity": 0.0003,
          "timestamp": "2024-06-02 23:20:48"
        }
      ],
      [
        {
          "side": "buy",
          "price": 67873.89,
          "quantity": 0.000589,
          "timestamp": "2024-06-02 23:20:48"
        }
      ],
      [
        {
          "side": "buy",
          "price": 67873.89,
          "quantity": 0.0003,
          "timestamp": "2024-06-02 23:20:48"
        }
      ],
      [
        {
          "side": "buy",
          "price": 67874.06,
          "quantity": 0.0003,
          "timestamp": "2024-06-02 23:20:48"
        }
      ],
      [
        {
          "side": "buy",
          "price": 67874.23,
          "quantity": 0.0003,
          "timestamp": "2024-06-02 23:20:48"
        }
      ]
    ],
    "liquidations": [],
    "receive_time": 1717366848.303,
    "_doc": "3d7dc0fa-e2b9-40ba-a902-3208b373e72a"
  },
  {
    "trades": [
      [
        {
          "side": "buy",
          "price": 67873.55,
          "quantity": 0.0003,
          "timestamp": "2024-06-02 23:20:47"
        }
      ],
      [
        {
          "side": "buy",
          "price": 67873.55,
          "quantity": 0.032728,
          "timestamp": "2024-06-02 23:20:47"
        }
      ]
    ],
    "liquidations": [],
    "receive_time": 1717366847.867,
    "_doc": "f5b06bf5-43f0-4588-bb59-0a6b24e77018"
  },
  {
    "trades": [
      [
        {
          "side": "buy",
          "price": 67845.43,
          "quantity": 0.006705,
          "timestamp": "2024-06-02 23:20:47"
        }
      ]
    ],
    "liquidations": [],
    "receive_time": 1717366847.747,
    "_doc": "2493cca8-e783-4133-9037-52928c1afa91"
  },
  {
    "trades": [
      [
        {
          "side": "buy",
          "price": 67845.1,
          "quantity": 0.011608,
          "timestamp": "2024-06-02 23:20:47"
        }
      ]
    ],
    "liquidations": [],
    "receive_time": 1717366847.742,
    "_doc": "0110954a-1311-47ed-b498-6ff21bd74264"
  },
  {
    "trades": [
      [
        {
          "side": "buy",
          "price": 67843.25,
          "quantity": 0.000297,
          "timestamp": "2024-06-02 23:20:47"
        }
      ],
      [
        {
          "side": "buy",
          "price": 67844.0,
          "quantity": 0.021945,
          "timestamp": "2024-06-02 23:20:47"
        }
      ]
    ],
    "liquidations": [],
    "receive_time": 1717366847.547,
    "_doc": "95d03446-4435-4cfb-befd-024bb5a49289"
  },
  {
    "trades": [
      [
        {
          "side": "sell",
          "price": 67839.49,
          "quantity": 0.006671,
          "timestamp": "2024-06-02 23:20:45"
        }
      ],
      [
        {
          "side": "sell",
          "price": 67839.28,
          "quantity": 0.006671,
          "timestamp": "2024-06-02 23:20:45"
        }
      ]
    ],
    "liquidations": [],
    "receive_time": 1717366845.682,
    "_doc": "5ea91287-c1a8-4fb1-a29a-fc720b270359"
  },
  {
    "trades": [
      [
        {
          "side": "buy",
          "price": 67873.39,
          "quantity": 0.0003,
          "timestamp": "2024-06-02 23:20:47"
        }
      ]
    ],
    "liquidations": [],
    "receive_time": 1717366847.746,
    "_doc": "e4f04e93-edbd-4e93-b6f4-f798236d1253"
  },
  {
    "trades": [
      [
        {
          "side": "buy",
          "price": 67716.22,
          "quantity": 0.006727,
          "timestamp": "2024-06-02 20:51:41"
        }
      ],
      [
        {
          "side": "buy",
          "price": 67717.24,
          "quantity": 0.006727,
          "timestamp": "2024-06-02 20:51:41"
        }
      ]
    ],
    "liquidations": [],
    "receive_time": 1717357901.009,
    "_doc": "bb0bc8fc-5af2-4c6f-9776-1356d833b7cb"
  },
  {
    "trades": [
      [
        {
          "side": "buy",
          "price": 67845.1,
          "quantity": 0.080869,
          "timestamp": "2024-06-02 23:20:47"
        }
      ],
      [
        {
          "side": "buy",
          "price": 67845.11,
          "quantity": 0.088453,
          "timestamp": "2024-06-02 23:20:47"
        }
      ]
    ],
    "liquidations": [],
    "receive_time": 1717366847.744,
    "_doc": "ff8b6340-f1c7-4496-a946-2817825a4e82"
  },
  {
    "trades": [
      [
        {
          "side": "buy",
          "price": 67715.2,
          "quantity": 0.006727,
          "timestamp": "2024-06-02 20:51:40"
        }
      ]
    ],
    "liquidations": [],
    "receive_time": 1717357900.988,
    "_doc": "f3f61ab3-81b6-4961-ab59-e40b62a73a8e"
  },
  {
    "trades": [
      [
        {
          "side": "buy",
          "price": 67873.22,
          "quantity": 0.05997,
          "timestamp": "2024-06-02 23:20:47"
        }
      ],
      [
        {
          "side": "buy",
          "price": 67873.22,
          "quantity": 0.04,
          "timestamp": "2024-06-02 23:20:47"
        }
      ],
      [
        {
          "side": "buy",
          "price": 67873.22,
          "quantity": 0.06,
          "timestamp": "2024-06-02 23:20:47"
        }
      ],
      [
        {
          "side": "buy",
          "price": 67873.22,
          "quantity": 0.04,
          "timestamp": "2024-06-02 23:20:47"
        }
      ],
      [
        {
          "side": "buy",
          "price": 67873.22,
          "quantity": 0.04,
          "timestamp": "2024-06-02 23:20:47"
        }
      ],
      [
        {
          "side": "buy",
          "price": 67873.22,
          "quantity": 0.014733,
          "timestamp": "2024-06-02 23:20:47"
        }
      ],
      [
        {
          "side": "buy",
          "price": 67873.22,
          "quantity": 0.014733,
          "timestamp": "2024-06-02 23:20:47"
        }
      ],
      [
        {
          "side": "buy",
          "price": 67873.22,
          "quantity": 0.014733,
          "timestamp": "2024-06-02 23:20:47"
        }
      ],
      [
        {
          "side": "buy",
          "price": 67873.22,
          "quantity": 0.014733,
          "timestamp": "2024-06-02 23:20:47"
        }
      ],
      [
        {
          "side": "buy",
          "price": 67873.22,
          "quantity": 0.014733,
          "timestamp": "2024-06-02 23:20:47"
        }
      ],
      [
        {
          "side": "buy",
          "price": 67873.22,
          "quantity": 0.002946,
          "timestamp": "2024-06-02 23:20:47"
        }
      ],
      [
        {
          "side": "buy",
          "price": 67873.22,
          "quantity": 0.002947,
          "timestamp": "2024-06-02 23:20:47"
        }
      ],
      [
        {
          "side": "buy",
          "price": 67873.22,
          "quantity": 0.002947,
          "timestamp": "2024-06-02 23:20:47"
        }
      ],
      [
        {
          "side": "buy",
          "price": 67873.22,
          "quantity": 0.002947,
          "timestamp": "2024-06-02 23:20:47"
        }
      ],
      [
        {
          "side": "buy",
          "price": 67873.22,
          "quantity": 0.000896,
          "timestamp": "2024-06-02 23:20:47"
        }
      ],
      [
        {
          "side": "buy",
          "price": 67873.22,
          "quantity": 0.03,
          "timestamp": "2024-06-02 23:20:47"
        }
      ]
    ],
    "liquidations": [],
    "receive_time": 1717366847.74,
    "_doc": "553945ec-498f-4c6a-b4d7-3841aeee7f23"
  },
  {
    "trades": [
      [
        {
          "side": "buy",
          "price": 67753.95,
          "quantity": 0.000738,
          "timestamp": "2024-06-02 20:51:40"
        }
      ],
      [
        {
          "side": "buy",
          "price": 67754.21,
          "quantity": 0.00059,
          "timestamp": "2024-06-02 20:51:40"
        }
      ],
      [
        {
          "side": "buy",
          "price": 67754.41,
          "quantity": 4.8e-05,
          "timestamp": "2024-06-02 20:51:40"
        }
      ],
      [
        {
          "side": "buy",
          "price": 67754.63,
          "quantity": 0.000624,
          "timestamp": "2024-06-02 20:51:40"
        }
      ]
    ],
    "liquidations": [],
    "receive_time": 1717357900.44,
    "_doc": "116e9692-0ce1-4d06-b79a-b8b26342d842"
  },
  {
    "trades": [
      [
        {
          "side": "buy",
          "price": 67841.77,
          "quantity": 0.080461,
          "timestamp": "2024-06-02 23:20:47"
        }
      ],
      [
        {
          "side": "buy",
          "price": 67841.78,
          "quantity": 0.134092,
          "timestamp": "2024-06-02 23:20:47"
        }
      ]
    ],
    "liquidations": [],
    "receive_time": 1717366847.544,
    "_doc": "98d27443-507f-4931-9501-b1e13e39088c"
  },
  {
    "trades": [
      [
        {
          "side": "buy",
          "price": 67714.45,
          "quantity": 0.00672,
          "timestamp": "2024-06-02 20:51:40"
        }
      ]
    ],
    "liquidations": [],
    "receive_time": 1717357900.364,
    "_doc": "06f24084-5c35-430a-9b9f-fbed20365d17"
  },
  {
    "trades": [
      [
        {
          "side": "sell",
          "price": 67754.62,
          "quantity": 0.001128,
          "timestamp": "2024-06-02 20:51:41"
        }
      ]
    ],
    "liquidations": [],
    "receive_time": 1717357901.342,
    "_doc": "508b1083-3923-408e-b8e3-45b881f6ace9"
  },
  {
    "trades": [
      [
        {
          "side": "buy",
          "price": 67753.53,
          "quantity": 0.00059,
          "timestamp": "2024-06-02 20:51:40"
        }
      ],
      [
        {
          "side": "buy",
          "price": 67753.53,
          "quantity": 0.01241,
          "timestamp": "2024-06-02 20:51:40"
        }
      ]
    ],
    "liquidations": [],
    "receive_time": 1717357900.357,
    "_doc": "3ac9790f-876f-4cca-a154-b20ed0d56993"
  },
  {
    "trades": [
      [
        {
          "side": "sell",
          "price": 67712.05,
          "quantity": 0.000957,
          "timestamp": "2024-06-02 20:51:39"
        }
      ],
      [
        {
          "side": "sell",
          "price": 67712.04,
          "quantity": 0.007151,
          "timestamp": "2024-06-02 20:51:39"
        }
      ],
      [
        {
          "side": "sell",
          "price": 67712.04,
          "quantity": 0.006751,
          "timestamp": "2024-06-02 20:51:39"
        }
      ]
    ],
    "liquidations": [],
    "receive_time": 1717357899.62,
    "_doc": "9c3f8590-0f6a-4f7d-aee7-7341e654ac64"
  },
  {
    "trades": [
      [
        {
          "side": "buy",
          "price": 67753.53,
          "quantity": 0.002497,
          "timestamp": "2024-06-02 20:51:40"
        }
      ],
      [
        {
          "side": "buy",
          "price": 67753.53,
          "quantity": 0.00675,
          "timestamp": "2024-06-02 20:51:40"
        }
      ],
      [
        {
          "side": "buy",
          "price": 67753.53,
          "quantity": 0.003468,
          "timestamp": "2024-06-02 20:51:40"
        }
      ],
      [
        {
          "side": "buy",
          "price": 67753.54,
          "quantity": 0.00675,
          "timestamp": "2024-06-02 20:51:40"
        }
      ],
      [
        {
          "side": "buy",
          "price": 67753.55,
          "quantity": 0.00675,
          "timestamp": "2024-06-02 20:51:40"
        }
      ]
    ],
    "liquidations": [],
    "receive_time": 1717357900.435,
    "_doc": "0921d6fd-6e96-4e39-a338-3bf6e4fda7ff"
  },
  {
    "trades": [
      [
        {
          "side": "buy",
          "price": 67716.44,
          "quantity": 0.006751,
          "timestamp": "2024-06-02 20:51:39"
        }
      ],
      [
        {
          "side": "buy",
          "price": 67720.0,
          "quantity": 0.000637,
          "timestamp": "2024-06-02 20:51:39"
        }
      ]
    ],
    "liquidations": [],
    "receive_time": 1717357899.091,
    "_doc": "36e63c02-fe77-43f0-bbb1-a14fbfdab7dd"
  },
  {
    "trades": [
      [
        {
          "side": "buy",
          "price": 67714.45,
          "quantity": 7e-06,
          "timestamp": "2024-06-02 20:51:40"
        }
      ]
    ],
    "liquidations": [],
    "receive_time": 1717357900.364,
    "_doc": "e4131828-3290-4b05-8497-139fad6efa8f"
  },
  {
    "trades": [
      [
        {
          "side": "buy",
          "price": 67753.5,
          "quantity": 5e-05,
          "timestamp": "2024-06-02 20:51:38"
        }
      ]
    ],
    "liquidations": [],
    "receive_time": 1717357898.983,
    "_doc": "cf31ee0c-04d3-427e-87c9-e604e28b82dc"
  },
  {
    "trades": [
      [
        {
          "side": "buy",
          "price": 67714.18,
          "quantity": 7e-06,
          "timestamp": "2024-06-02 20:51:40"
        }
      ]
    ],
    "liquidations": [],
    "receive_time": 1717357900.351,
    "_doc": "47888b81-4e9f-4534-8aa4-679c65ec2338"
  },
  {
    "trades": [
      [
        {
          "side": "buy",
          "price": 67714.61,
          "quantity": 5.3e-05,
          "timestamp": "2024-06-02 20:51:38"
        }
      ]
    ],
    "liquidations": [],
    "receive_time": 1717357898.964,
    "_doc": "63f4972c-83eb-4a10-bbf9-3618cc1cd7cc"
  },
  {
    "trades": [
      [
        {
          "side": "buy",
          "price": 67714.18,
          "quantity": 0.00672,
          "timestamp": "2024-06-02 20:51:40"
        }
      ]
    ],
    "liquidations": [],
    "receive_time": 1717357900.351,
    "_doc": "4a503764-0da7-4df9-b66e-7635fef5e6e0"
  },
  {
    "trades": [
      [
        {
          "side": "buy",
          "price": 67752.85,
          "quantity": 0.00059,
          "timestamp": "2024-06-02 20:51:38"
        }
      ],
      [
        {
          "side": "buy",
          "price": 67753.27,
          "quantity": 0.000738,
          "timestamp": "2024-06-02 20:51:38"
        }
      ]
    ],
    "liquidations": [],
    "receive_time": 1717357898.961,
    "_doc": "16f4093d-f37b-4915-adb6-b4e22a49818e"
  },
  {
    "trades": [
      [
        {
          "side": "buy",
          "price": 67715.73,
          "quantity": 0.0067,
          "timestamp": "2024-06-02 20:51:39"
        }
      ]
    ],
    "liquidations": [],
    "receive_time": 1717357899.068,
    "_doc": "2e5b46fc-b8e5-40cc-8c12-b800aaf6bfce"
  },
  {
    "trades": [
      [
        {
          "side": "buy",
          "price": 67750.13,
          "quantity": 0.00059,
          "timestamp": "2024-06-02 20:51:38"
        }
      ],
      [
        {
          "side": "buy",
          "price": 67750.55,
          "quantity": 0.000738,
          "timestamp": "2024-06-02 20:51:38"
        }
      ],
      [
        {
          "side": "buy",
          "price": 67750.81,
          "quantity": 0.00059,
          "timestamp": "2024-06-02 20:51:38"
        }
      ],
      [
        {
          "side": "buy",
          "price": 67751.03,
          "quantity": 0.048681,
          "timestamp": "2024-06-02 20:51:38"
        }
      ],
      [
        {
          "side": "buy",
          "price": 67751.23,
          "quantity": 0.000738,
          "timestamp": "2024-06-02 20:51:38"
        }
      ],
      [
        {
          "side": "buy",
          "price": 67751.49,
          "quantity": 0.00059,
          "timestamp": "2024-06-02 20:51:38"
        }
      ],
      [
        {
          "side": "buy",
          "price": 67751.49,
          "quantity": 0.009367,
          "timestamp": "2024-06-02 20:51:38"
        }
      ],
      [
        {
          "side": "buy",
          "price": 67751.67,
          "quantity": 0.0374,
          "timestamp": "2024-06-02 20:51:38"
        }
      ]
    ],
    "liquidations": [],
    "receive_time": 1717357898.939,
    "_doc": "b449fb2d-92f6-4c7b-a4ec-431949990b98"
  },
  {
    "trades": [
      [
        {
          "side": "buy",
          "price": 67714.61,
          "quantity": 0.0069,
          "timestamp": "2024-06-02 20:51:38"
        }
      ]
    ],
    "liquidations": [],
    "receive_time": 1717357898.96,
    "_doc": "c1d70820-e2b8-4c8f-a256-f68f6aaaa839"
  },
  {
    "trades": [
      [
        {
          "side": "buy",
          "price": 67748.09,
          "quantity": 0.000128,
          "timestamp": "2024-06-02 20:51:38"
        }
      ],
      [
        {
          "side": "buy",
          "price": 67748.51,
          "quantity": 0.000738,
          "timestamp": "2024-06-02 20:51:38"
        }
      ]
    ],
    "liquidations": [],
    "receive_time": 1717357898.818,
    "_doc": "2163fdd2-e165-4edd-9a65-4d5f20bd1270"
  },
  {
    "trades": [
      [
        {
          "side": "buy",
          "price": 67751.91,
          "quantity": 0.000738,
          "timestamp": "2024-06-02 20:51:38"
        }
      ],
      [
        {
          "side": "buy",
          "price": 67752.0,
          "quantity": 4.8e-05,
          "timestamp": "2024-06-02 20:51:38"
        }
      ],
      [
        {
          "side": "buy",
          "price": 67752.17,
          "quantity": 0.00059,
          "timestamp": "2024-06-02 20:51:38"
        }
      ],
      [
        {
          "side": "buy",
          "price": 67752.59,
          "quantity": 0.000738,
          "timestamp": "2024-06-02 20:51:38"
        }
      ]
    ],
    "liquidations": [],
    "receive_time": 1717357898.943,
    "_doc": "874bcd7a-e871-48e5-b7bc-aa697c7f6d3f"
  },
  {
    "trades": [
      [
        {
          "side": "buy",
          "price": 67714.07,
          "quantity": 0.049171,
          "timestamp": "2024-06-02 20:51:38"
        }
      ]
    ],
    "liquidations": [],
    "receive_time": 1717357898.818,
    "_doc": "bb3c9dbe-6c47-4400-a380-8ea53cdf8bbf"
  },
  {
    "trades": [
      [
        {
          "side": "buy",
          "price": 67749.0,
          "quantity": 4.8e-05,
          "timestamp": "2024-06-02 20:51:38"
        }
      ],
      [
        {
          "side": "buy",
          "price": 67749.19,
          "quantity": 0.000738,
          "timestamp": "2024-06-02 20:51:38"
        }
      ],
      [
        {
          "side": "buy",
          "price": 67749.45,
          "quantity": 0.00059,
          "timestamp": "2024-06-02 20:51:38"
        }
      ],
      [
        {
          "side": "buy",
          "price": 67749.87,
          "quantity": 0.000738,
          "timestamp": "2024-06-02 20:51:38"
        }
      ]
    ],
    "liquidations": [],
    "receive_time": 1717357898.843,
    "_doc": "7c5004c7-a888-45a2-b980-174df8283c53"
  },
  {
    "trades": [
      [
        {
          "side": "buy",
          "price": 67711.99,
          "quantity": 0.002383,
          "timestamp": "2024-06-02 20:51:38"
        }
      ]
    ],
    "liquidations": [],
    "receive_time": 1717357898.81,
    "_doc": "b5d51567-f42d-47b1-9609-0507740f0952"
  },
  {
    "trades": [
      [
        {
          "side": "buy",
          "price": 67748.77,
          "quantity": 0.00059,
          "timestamp": "2024-06-02 20:51:38"
        }
      ]
    ],
    "liquidations": [],
    "receive_time": 1717357898.818,
    "_doc": "90275008-0f8f-4932-8f83-cbffc0277620"
  },
  {
    "trades": [
      [
        {
          "side": "buy",
          "price": 67747.83,
          "quantity": 0.000738,
          "timestamp": "2024-06-02 20:51:38"
        }
      ],
      [
        {
          "side": "buy",
          "price": 67748.09,
          "quantity": 0.000462,
          "timestamp": "2024-06-02 20:51:38"
        }
      ]
    ],
    "liquidations": [],
    "receive_time": 1717357898.81,
    "_doc": "bf8be6bc-acc3-4bba-a92f-1875bcd54c1f"
  },
  {
    "trades": [
      [
        {
          "side": "buy",
          "price": 67747.41,
          "quantity": 0.001238,
          "timestamp": "2024-06-02 20:51:38"
        }
      ],
      [
        {
          "side": "buy",
          "price": 67747.41,
          "quantity": 0.00059,
          "timestamp": "2024-06-02 20:51:38"
        }
      ]
    ],
    "liquidations": [],
    "receive_time": 1717357898.804,
    "_doc": "8286a144-896e-497d-bf88-1ba075ea6fad"
  },
  {
    "trades": [
      [
        {
          "side": "buy",
          "price": 67746.74,
          "quantity": 9e-05,
          "timestamp": "2024-06-02 20:51:38"
        }
      ]
    ],
    "liquidations": [],
    "receive_time": 1717357898.784,
    "_doc": "6064ae40-d5c2-424d-8f8f-03925d43285a"
  },
  {
    "trades": [
      [
        {
          "side": "buy",
          "price": 67747.41,
          "quantity": 0.0001,
          "timestamp": "2024-06-02 20:51:38"
        }
      ]
    ],
    "liquidations": [],
    "receive_time": 1717357898.802,
    "_doc": "012cc55b-9d39-4717-bf2d-32113ba34fe4"
  },
  {
    "trades": [
      [
        {
          "side": "buy",
          "price": 67746.05,
          "quantity": 0.071541,
          "timestamp": "2024-06-02 20:51:38"
        }
      ],
      [
        {
          "side": "buy",
          "price": 67746.47,
          "quantity": 0.000128,
          "timestamp": "2024-06-02 20:51:38"
        }
      ],
      [
        {
          "side": "buy",
          "price": 67746.73,
          "quantity": 0.00059,
          "timestamp": "2024-06-02 20:51:38"
        }
      ],
      [
        {
          "side": "buy",
          "price": 67746.74,
          "quantity": 0.002565,
          "timestamp": "2024-06-02 20:51:38"
        }
      ],
      [
        {
          "side": "buy",
          "price": 67746.74,
          "quantity": 0.007377,
          "timestamp": "2024-06-02 20:51:38"
        }
      ]
    ],
    "liquidations": [],
    "receive_time": 1717357898.784,
    "_doc": "796173d4-1ae8-4d65-b64b-8b649d5a52fb"
  },
  {
    "trades": [
      [
        {
          "side": "buy",
          "price": 67747.15,
          "quantity": 0.000738,
          "timestamp": "2024-06-02 20:51:38"
        }
      ],
      [
        {
          "side": "buy",
          "price": 67747.41,
          "quantity": 0.000662,
          "timestamp": "2024-06-02 20:51:38"
        }
      ]
    ],
    "liquidations": [],
    "receive_time": 1717357898.797,
    "_doc": "0a40eec8-4296-4362-93d2-a63943fc1c37"
  },
  {
    "trades": [
      [
        {
          "side": "buy",
          "price": 67746.05,
          "quantity": 0.0005,
          "timestamp": "2024-06-02 20:51:38"
        }
      ]
    ],
    "liquidations": [],
    "receive_time": 1717357898.769,
    "_doc": "b3b69159-07df-4e8b-9de0-2652f3d3b083"
  },
  {
    "trades": [
      [
        {
          "side": "buy",
          "price": 67746.05,
          "quantity": 9e-05,
          "timestamp": "2024-06-02 20:51:38"
        }
      ],
      [
        {
          "side": "buy",
          "price": 67746.47,
          "quantity": 0.00061,
          "timestamp": "2024-06-02 20:51:38"
        }
      ]
    ],
    "liquidations": [],
    "receive_time": 1717357898.774,
    "_doc": "8f975ddf-d402-4901-9bbc-83019e2cf1e4"
  },
  {
    "trades": [
      [
        {
          "side": "buy",
          "price": 67708.9,
          "quantity": 0.007014,
          "timestamp": "2024-06-02 20:51:38"
        }
      ]
    ],
    "liquidations": [],
    "receive_time": 1717357898.76,
    "_doc": "5e1fbc1a-d5a6-40d6-9209-b5a8bf375369"
  },
  {
    "trades": [
      [
        {
          "side": "buy",
          "price": 67745.03,
          "quantity": 0.0003,
          "timestamp": "2024-06-02 20:51:38"
        }
      ],
      [
        {
          "side": "buy",
          "price": 67745.11,
          "quantity": 0.000738,
          "timestamp": "2024-06-02 20:51:38"
        }
      ],
      [
        {
          "side": "buy",
          "price": 67745.2,
          "quantity": 0.0003,
          "timestamp": "2024-06-02 20:51:38"
        }
      ],
      [
        {
          "side": "buy",
          "price": 67745.37,
          "quantity": 0.00059,
          "timestamp": "2024-06-02 20:51:38"
        }
      ],
      [
        {
          "side": "buy",
          "price": 67745.37,
          "quantity": 0.0003,
          "timestamp": "2024-06-02 20:51:38"
        }
      ],
      [
        {
          "side": "buy",
          "price": 67745.53,
          "quantity": 0.0003,
          "timestamp": "2024-06-02 20:51:38"
        }
      ],
      [
        {
          "side": "buy",
          "price": 67745.7,
          "quantity": 0.0003,
          "timestamp": "2024-06-02 20:51:38"
        }
      ],
      [
        {
          "side": "buy",
          "price": 67745.79,
          "quantity": 0.000738,
          "timestamp": "2024-06-02 20:51:38"
        }
      ]
    ],
    "liquidations": [],
    "receive_time": 1717357898.756,
    "_doc": "2c3985cf-73eb-42fe-a5c3-8cea6b5f4f21"
  },
  {
    "trades": [
      [
        {
          "side": "buy",
          "price": 67707.64,
          "quantity": 0.007025,
          "timestamp": "2024-06-02 20:51:38"
        }
      ],
      [
        {
          "side": "buy",
          "price": 67707.8,
          "quantity": 0.015007,
          "timestamp": "2024-06-02 20:51:38"
        }
      ]
    ],
    "liquidations": [],
    "receive_time": 1717357898.747,
    "_doc": "37bbbba5-fa3c-4611-b9cb-c21953fc5a0a"
  },
  {
    "trades": [
      [
        {
          "side": "buy",
          "price": 67705.93,
          "quantity": 0.007025,
          "timestamp": "2024-06-02 20:51:38"
        }
      ],
      [
        {
          "side": "buy",
          "price": 67708.9,
          "quantity": 0.041757,
          "timestamp": "2024-06-02 20:51:38"
        }
      ]
    ],
    "liquidations": [],
    "receive_time": 1717357898.754,
    "_doc": "bc0c3915-59b9-4d4d-9f3a-ec442bfb1e36"
  },
  {
    "trades": [
      [
        {
          "side": "buy",
          "price": 67704.91,
          "quantity": 0.007025,
          "timestamp": "2024-06-02 20:51:38"
        }
      ]
    ],
    "liquidations": [],
    "receive_time": 1717357898.746,
    "_doc": "714175c5-35ff-4701-892f-874c8f001ec0"
  },
  {
    "trades": [
      [
        {
          "side": "buy",
          "price": 67708.62,
          "quantity": 0.05,
          "timestamp": "2024-06-02 20:51:38"
        }
      ]
    ],
    "liquidations": [],
    "receive_time": 1717357898.748,
    "_doc": "7b435527-a8f9-4d63-9301-ff7a0d6287f7"
  },
  {
    "trades": [
      [
        {
          "side": "buy",
          "price": 67705.51,
          "quantity": 0.004103,
          "timestamp": "2024-06-02 20:51:37"
        }
      ]
    ],
    "liquidations": [],
    "receive_time": 1717357897.901,
    "_doc": "2ce509ad-7df4-408c-ac6f-99c372199ce4"
  },
  {
    "trades": [
      [
        {
          "side": "buy",
          "price": 67744.01,
          "quantity": 0.002065,
          "timestamp": "2024-06-02 20:51:38"
        }
      ],
      [
        {
          "side": "buy",
          "price": 67744.01,
          "quantity": 0.005915,
          "timestamp": "2024-06-02 20:51:38"
        }
      ],
      [
        {
          "side": "buy",
          "price": 67744.01,
          "quantity": 0.005897,
          "timestamp": "2024-06-02 20:51:38"
        }
      ],
      [
        {
          "side": "buy",
          "price": 67744.01,
          "quantity": 0.014871,
          "timestamp": "2024-06-02 20:51:38"
        }
      ],
      [
        {
          "side": "buy",
          "price": 67744.01,
          "quantity": 0.00591,
          "timestamp": "2024-06-02 20:51:38"
        }
      ],
      [
        {
          "side": "buy",
          "price": 67744.01,
          "quantity": 0.005914,
          "timestamp": "2024-06-02 20:51:38"
        }
      ],
      [
        {
          "side": "buy",
          "price": 67744.01,
          "quantity": 0.014872,
          "timestamp": "2024-06-02 20:51:38"
        }
      ],
      [
        {
          "side": "buy",
          "price": 67744.01,
          "quantity": 0.011832,
          "timestamp": "2024-06-02 20:51:38"
        }
      ],
      [
        {
          "side": "buy",
          "price": 67744.01,
          "quantity": 0.014875,
          "timestamp": "2024-06-02 20:51:38"
        }
      ],
      [
        {
          "side": "buy",
          "price": 67744.01,
          "quantity": 0.014762,
          "timestamp": "2024-06-02 20:51:38"
        }
      ],
      [
        {
          "side": "buy",
          "price": 67744.01,
          "quantity": 0.000128,
          "timestamp": "2024-06-02 20:51:38"
        }
      ],
      [
        {
          "side": "buy",
          "price": 67744.01,
          "quantity": 0.05,
          "timestamp": "2024-06-02 20:51:38"
        }
      ],
      [
        {
          "side": "buy",
          "price": 67744.01,
          "quantity": 0.00681,
          "timestamp": "2024-06-02 20:51:38"
        }
      ],
      [
        {
          "side": "buy",
          "price": 67744.02,
          "quantity": 0.006836,
          "timestamp": "2024-06-02 20:51:38"
        }
      ],
      [
        {
          "side": "buy",
          "price": 67744.03,
          "quantity": 0.006836,
          "timestamp": "2024-06-02 20:51:38"
        }
      ],
      [
        {
          "side": "buy",
          "price": 67744.08,
          "quantity": 0.048168,
          "timestamp": "2024-06-02 20:51:38"
        }
      ],
      [
        {
          "side": "buy",
          "price": 67744.18,
          "quantity": 0.0003,
          "timestamp": "2024-06-02 20:51:38"
        }
      ],
      [
        {
          "side": "buy",
          "price": 67744.35,
          "quantity": 0.0003,
          "timestamp": "2024-06-02 20:51:38"
        }
      ],
      [
        {
          "side": "buy",
          "price": 67744.43,
          "quantity": 0.000738,
          "timestamp": "2024-06-02 20:51:38"
        }
      ],
      [
        {
          "side": "buy",
          "price": 67744.52,
          "quantity": 0.0003,
          "timestamp": "2024-06-02 20:51:38"
        }
      ],
      [
        {
          "side": "buy",
          "price": 67744.69,
          "quantity": 0.00059,
          "timestamp": "2024-06-02 20:51:38"
        }
      ],
      [
        {
          "side": "buy",
          "price": 67744.69,
          "quantity": 0.0003,
          "timestamp": "2024-06-02 20:51:38"
        }
      ],
      [
        {
          "side": "buy",
          "price": 67744.86,
          "quantity": 0.0003,
          "timestamp": "2024-06-02 20:51:38"
        }
      ]
    ],
    "liquidations": [],
    "receive_time": 1717357898.747,
    "_doc": "1c875267-d202-4976-9914-eec4db20f9b0"
  },
  {
    "trades": [
      [
        {
          "side": "buy",
          "price": 67744.01,
          "quantity": 0.037296,
          "timestamp": "2024-06-02 20:51:37"
        }
      ],
      [
        {
          "side": "buy",
          "price": 67744.01,
          "quantity": 0.002952,
          "timestamp": "2024-06-02 20:51:37"
        }
      ],
      [
        {
          "side": "buy",
          "price": 67744.01,
          "quantity": 0.014762,
          "timestamp": "2024-06-02 20:51:37"
        }
      ],
      [
        {
          "side": "buy",
          "price": 67744.01,
          "quantity": 0.014762,
          "timestamp": "2024-06-02 20:51:37"
        }
      ],
      [
        {
          "side": "buy",
          "price": 67744.01,
          "quantity": 0.014762,
          "timestamp": "2024-06-02 20:51:37"
        }
      ],
      [
        {
          "side": "buy",
          "price": 67744.01,
          "quantity": 0.014762,
          "timestamp": "2024-06-02 20:51:37"
        }
      ],
      [
        {
          "side": "buy",
          "price": 67744.01,
          "quantity": 0.014762,
          "timestamp": "2024-06-02 20:51:37"
        }
      ],
      [
        {
          "side": "buy",
          "price": 67744.01,
          "quantity": 0.014762,
          "timestamp": "2024-06-02 20:51:37"
        }
      ],
      [
        {
          "side": "buy",
          "price": 67744.01,
          "quantity": 0.014762,
          "timestamp": "2024-06-02 20:51:37"
        }
      ],
      [
        {
          "side": "buy",
          "price": 67744.01,
          "quantity": 0.014762,
          "timestamp": "2024-06-02 20:51:37"
        }
      ],
      [
        {
          "side": "buy",
          "price": 67744.01,
          "quantity": 0.00681,
          "timestamp": "2024-06-02 20:51:37"
        }
      ],
      [
        {
          "side": "buy",
          "price": 67744.01,
          "quantity": 0.003846,
          "timestamp": "2024-06-02 20:51:37"
        }
      ]
    ],
    "liquidations": [],
    "receive_time": 1717357897.849,
    "_doc": "1037693f-79c3-4fe6-9a45-dca6256c921b"
  },
  {
    "trades": [
      [
        {
          "side": "buy",
          "price": 67706.3,
          "quantity": 0.007023,
          "timestamp": "2024-06-02 20:51:37"
        }
      ]
    ],
    "liquidations": [],
    "receive_time": 1717357897.992,
    "_doc": "2b3c693b-9ba8-4160-aef2-7f56d38269c2"
  },
  {
    "trades": [
      [
        {
          "side": "buy",
          "price": 67744.01,
          "quantity": 0.002,
          "timestamp": "2024-06-02 20:51:37"
        }
      ]
    ],
    "liquidations": [],
    "receive_time": 1717357897.486,
    "_doc": "0bbb475a-992e-46a5-a994-e15f4bfd1688"
  },
  {
    "trades": [
      [
        {
          "side": "buy",
          "price": 67705.15,
          "quantity": 0.004297,
          "timestamp": "2024-06-02 20:51:37"
        }
      ],
      [
        {
          "side": "buy",
          "price": 67705.47,
          "quantity": 0.007025,
          "timestamp": "2024-06-02 20:51:37"
        }
      ]
    ],
    "liquidations": [],
    "receive_time": 1717357897.884,
    "_doc": "fb4a3e42-2f16-483a-9bfd-ff4f772c9776"
  },
  {
    "trades": [
      [
        {
          "side": "buy",
          "price": 67744.01,
          "quantity": 0.007,
          "timestamp": "2024-06-02 20:51:35"
        }
      ]
    ],
    "liquidations": [],
    "receive_time": 1717357895.361,
    "_doc": "aa55f41d-94ee-4c39-9525-074c6e223f27"
  },
  {
    "trades": [
      [
        {
          "side": "buy",
          "price": 67704.56,
          "quantity": 0.005905,
          "timestamp": "2024-06-02 20:51:37"
        }
      ],
      [
        {
          "side": "buy",
          "price": 67704.57,
          "quantity": 0.007025,
          "timestamp": "2024-06-02 20:51:37"
        }
      ]
    ],
    "liquidations": [],
    "receive_time": 1717357897.881,
    "_doc": "22a10d75-fb1e-47ab-a20f-604a27e86079"
  },
  {
    "trades": [
      [
        {
          "side": "buy",
          "price": 67744.01,
          "quantity": 0.00059,
          "timestamp": "2024-06-02 20:51:34"
        }
      ],
      [
        {
          "side": "buy",
          "price": 67744.01,
          "quantity": 0.17941,
          "timestamp": "2024-06-02 20:51:34"
        }
      ]
    ],
    "liquidations": [],
    "receive_time": 1717357894.925,
    "_doc": "63e79771-b202-4b66-a4d4-0aa6ebb27639"
  },
  {
    "trades": [
      [
        {
          "side": "buy",
          "price": 67704.45,
          "quantity": 0.007025,
          "timestamp": "2024-06-02 20:51:36"
        }
      ]
    ],
    "liquidations": [],
    "receive_time": 1717357896.704,
    "_doc": "59fe92e8-59e7-4a4f-9488-0318c9c03e8e"
  },
  {
    "trades": [
      [
        {
          "side": "buy",
          "price": 67706.22,
          "quantity": 0.003423,
          "timestamp": "2024-06-02 20:51:34"
        }
      ]
    ],
    "liquidations": [],
    "receive_time": 1717357894.079,
    "_doc": "97d23165-c6f9-4cda-92a2-eb2189b6470c"
  },
  {
    "trades": [
      [
        {
          "side": "buy",
          "price": 67704.3,
          "quantity": 0.007025,
          "timestamp": "2024-06-02 20:51:36"
        }
      ]
    ],
    "liquidations": [],
    "receive_time": 1717357896.364,
    "_doc": "7454c38b-4c1a-4325-8742-7cc65691100f"
  },
  {
    "trades": [
      [
        {
          "side": "buy",
          "price": 67704.51,
          "quantity": 0.006836,
          "timestamp": "2024-06-02 20:51:33"
        }
      ]
    ],
    "liquidations": [],
    "receive_time": 1717357893.477,
    "_doc": "ad315965-e452-464c-8faa-c0177b9eb448"
  },
  {
    "trades": [
      [
        {
          "side": "buy",
          "price": 67705.21,
          "quantity": 0.007023,
          "timestamp": "2024-06-02 20:51:36"
        }
      ]
    ],
    "liquidations": [],
    "receive_time": 1717357896.254,
    "_doc": "577d9e9b-f864-4e9b-a76e-3568853838e5"
  },
  {
    "trades": [
      [
        {
          "side": "buy",
          "price": 67703.69,
          "quantity": 0.0002,
          "timestamp": "2024-06-02 20:51:32"
        }
      ]
    ],
    "liquidations": [],
    "receive_time": 1717357892.49,
    "_doc": "cb8d6d0f-a46c-4f73-9f91-8861062357dd"
  },
  {
    "trades": [
      [
        {
          "side": "buy",
          "price": 67744.01,
          "quantity": 0.002,
          "timestamp": "2024-06-02 20:51:36"
        }
      ]
    ],
    "liquidations": [],
    "receive_time": 1717357896.246,
    "_doc": "fcb085a7-47be-462e-989a-36f77a58f957"
  },
  {
    "trades": [
      [
        {
          "side": "buy",
          "price": 67704.02,
          "quantity": 0.006836,
          "timestamp": "2024-06-02 20:51:31"
        }
      ]
    ],
    "liquidations": [],
    "receive_time": 1717357891.504,
    "_doc": "e80da9ca-5c4c-4631-836a-f4f5a7b1efdc"
  },
  {
    "trades": [
      [
        {
          "side": "buy",
          "price": 67704.4,
          "quantity": 0.006997,
          "timestamp": "2024-06-02 20:51:35"
        }
      ]
    ],
    "liquidations": [],
    "receive_time": 1717357895.244,
    "_doc": "d7c72ac7-f642-40f4-b188-d4e5a434fcaa"
  },
  {
    "trades": [
      [
        {
          "side": "buy",
          "price": 67704.44,
          "quantity": 0.006811,
          "timestamp": "2024-06-02 20:51:31"
        }
      ]
    ],
    "liquidations": [],
    "receive_time": 1717357891.164,
    "_doc": "d07e14c4-9364-4902-b5a7-40460e8a3fc7"
  },
  {
    "trades": [
      [
        {
          "side": "buy",
          "price": 67706.15,
          "quantity": 0.006967,
          "timestamp": "2024-06-02 20:51:34"
        }
      ],
      [
        {
          "side": "buy",
          "price": 67706.22,
          "quantity": 0.032752,
          "timestamp": "2024-06-02 20:51:34"
        }
      ],
      [
        {
          "side": "buy",
          "price": 67706.23,
          "quantity": 0.088615,
          "timestamp": "2024-06-02 20:51:34"
        }
      ]
    ],
    "liquidations": [],
    "receive_time": 1717357894.988,
    "_doc": "b4816cd8-ac44-4f1f-8d5e-a22daebcca3e"
  },
  {
    "trades": [
      [
        {
          "side": "buy",
          "price": 67742.4,
          "quantity": 0.005911,
          "timestamp": "2024-06-02 20:51:31"
        }
      ],
      [
        {
          "side": "buy",
          "price": 67742.4,
          "quantity": 0.005915,
          "timestamp": "2024-06-02 20:51:31"
        }
      ],
      [
        {
          "side": "buy",
          "price": 67742.65,
          "quantity": 0.00059,
          "timestamp": "2024-06-02 20:51:31"
        }
      ]
    ],
    "liquidations": [],
    "receive_time": 1717357891.049,
    "_doc": "7f0a8ba4-594d-4c65-bebe-b5461850dc74"
  },
  {
    "trades": [
      [
        {
          "side": "buy",
          "price": 67705.38,
          "quantity": 0.006967,
          "timestamp": "2024-06-02 20:51:34"
        }
      ]
    ],
    "liquidations": [],
    "receive_time": 1717357894.945,
    "_doc": "c921a59f-ba59-4795-8a3e-d412ff0f5587"
  },
  {
    "trades": [
      [
        {
          "side": "buy",
          "price": 67706.73,
          "quantity": 0.013816,
          "timestamp": "2024-06-02 20:51:31"
        }
      ],
      [
        {
          "side": "buy",
          "price": 67706.74,
          "quantity": 0.029276,
          "timestamp": "2024-06-02 20:51:31"
        }
      ]
    ],
    "liquidations": [],
    "receive_time": 1717357891.045,
    "_doc": "9c9b8cdd-5489-4e9c-a7a1-9c04e51b818d"
  },
  {
    "trades": [
      [
        {
          "side": "buy",
          "price": 67704.2,
          "quantity": 0.006967,
          "timestamp": "2024-06-02 20:51:34"
        }
      ]
    ],
    "liquidations": [],
    "receive_time": 1717357894.924,
    "_doc": "d32ac8e5-78e0-4aa4-9145-1c51562eef99"
  },
  {
    "trades": [
      [
        {
          "side": "buy",
          "price": 67704.03,
          "quantity": 0.088615,
          "timestamp": "2024-06-02 20:51:31"
        }
      ]
    ],
    "liquidations": [],
    "receive_time": 1717357891.044,
    "_doc": "e44bb3e5-7303-4846-a160-9205b582cd78"
  },
  {
    "trades": [
      [
        {
          "side": "buy",
          "price": 67704.59,
          "quantity": 0.006967,
          "timestamp": "2024-06-02 20:51:34"
        }
      ]
    ],
    "liquidations": [],
    "receive_time": 1717357894.184,
    "_doc": "e51cae4b-e2f0-4753-87f1-1869089a16d0"
  },
  {
    "trades": [
      [
        {
          "side": "buy",
          "price": 67741.83,
          "quantity": 0.000148,
          "timestamp": "2024-06-02 20:51:31"
        }
      ],
      [
        {
          "side": "buy",
          "price": 67741.83,
          "quantity": 0.045433,
          "timestamp": "2024-06-02 20:51:31"
        }
      ],
      [
        {
          "side": "buy",
          "price": 67741.83,
          "quantity": 0.04,
          "timestamp": "2024-06-02 20:51:31"
        }
      ],
      [
        {
          "side": "buy",
          "price": 67741.83,
          "quantity": 0.04,
          "timestamp": "2024-06-02 20:51:31"
        }
      ],
      [
        {
          "side": "buy",
          "price": 67741.83,
          "quantity": 0.04,
          "timestamp": "2024-06-02 20:51:31"
        }
      ],
      [
        {
          "side": "buy",
          "price": 67741.83,
          "quantity": 0.006761,
          "timestamp": "2024-06-02 20:51:31"
        }
      ],
      [
        {
          "side": "buy",
          "price": 67741.83,
          "quantity": 0.014758,
          "timestamp": "2024-06-02 20:51:31"
        }
      ],
      [
        {
          "side": "buy",
          "price": 67741.83,
          "quantity": 0.005897,
          "timestamp": "2024-06-02 20:51:31"
        }
      ],
      [
        {
          "side": "buy",
          "price": 67741.83,
          "quantity": 0.011832,
          "timestamp": "2024-06-02 20:51:31"
        }
      ],
      [
        {
          "side": "buy",
          "price": 67741.83,
          "quantity": 0.005914,
          "timestamp": "2024-06-02 20:51:31"
        }
      ],
      [
        {
          "side": "buy",
          "price": 67741.83,
          "quantity": 0.00591,
          "timestamp": "2024-06-02 20:51:31"
        }
      ],
      [
        {
          "side": "buy",
          "price": 67741.83,
          "quantity": 0.023099,
          "timestamp": "2024-06-02 20:51:31"
        }
      ],
      [
        {
          "side": "buy",
          "price": 67741.83,
          "quantity": 0.000444,
          "timestamp": "2024-06-02 20:51:31"
        }
      ],
      [
        {
          "side": "buy",
          "price": 67741.83,
          "quantity": 5.7e-05,
          "timestamp": "2024-06-02 20:51:31"
        }
      ],
      [
        {
          "side": "buy",
          "price": 67741.83,
          "quantity": 5.7e-05,
          "timestamp": "2024-06-02 20:51:31"
        }
      ],
      [
        {
          "side": "buy",
          "price": 67741.83,
          "quantity": 5.7e-05,
          "timestamp": "2024-06-02 20:51:31"
        }
      ],
      [
        {
          "side": "buy",
          "price": 67741.83,
          "quantity": 5.7e-05,
          "timestamp": "2024-06-02 20:51:31"
        }
      ],
      [
        {
          "side": "buy",
          "price": 67741.83,
          "quantity": 5.7e-05,
          "timestamp": "2024-06-02 20:51:31"
        }
      ],
      [
        {
          "side": "buy",
          "price": 67741.83,
          "quantity": 5.7e-05,
          "timestamp": "2024-06-02 20:51:31"
        }
      ],
      [
        {
          "side": "buy",
          "price": 67741.83,
          "quantity": 5.7e-05,
          "timestamp": "2024-06-02 20:51:31"
        }
      ],
      [
        {
          "side": "buy",
          "price": 67741.83,
          "quantity": 5.7e-05,
          "timestamp": "2024-06-02 20:51:31"
        }
      ],
      [
        {
          "side": "buy",
          "price": 67741.83,
          "quantity": 5.7e-05,
          "timestamp": "2024-06-02 20:51:31"
        }
      ],
      [
        {
          "side": "buy",
          "price": 67741.83,
          "quantity": 5.7e-05,
          "timestamp": "2024-06-02 20:51:31"
        }
      ],
      [
        {
          "side": "buy",
          "price": 67741.83,
          "quantity": 0.001034,
          "timestamp": "2024-06-02 20:51:31"
        }
      ],
      [
        {
          "side": "buy",
          "price": 67741.83,
          "quantity": 5.7e-05,
          "timestamp": "2024-06-02 20:51:31"
        }
      ],
      [
        {
          "side": "buy",
          "price": 67741.83,
          "quantity": 5.7e-05,
          "timestamp": "2024-06-02 20:51:31"
        }
      ],
      [
        {
          "side": "buy",
          "price": 67741.83,
          "quantity": 5.7e-05,
          "timestamp": "2024-06-02 20:51:31"
        }
      ],
      [
        {
          "side": "buy",
          "price": 67741.83,
          "quantity": 5.7e-05,
          "timestamp": "2024-06-02 20:51:31"
        }
      ],
      [
        {
          "side": "buy",
          "price": 67741.83,
          "quantity": 0.024272,
          "timestamp": "2024-06-02 20:51:31"
        }
      ]
    ],
    "liquidations": [],
    "receive_time": 1717357891.033,
    "_doc": "e12ba300-ea3c-4972-a311-6f23872368d0"
  },
  {
    "trades": [
      [
        {
          "side": "buy",
          "price": 67704.13,
          "quantity": 0.006939,
          "timestamp": "2024-06-02 20:51:33"
        }
      ]
    ],
    "liquidations": [],
    "receive_time": 1717357893.864,
    "_doc": "2e817a1d-408a-4809-939d-0af7d341ad75"
  },
  {
    "trades": [
      [
        {
          "side": "buy",
          "price": 67705.28,
          "quantity": 0.042948,
          "timestamp": "2024-06-02 20:51:31"
        }
      ],
      [
        {
          "side": "buy",
          "price": 67705.83,
          "quantity": 0.006811,
          "timestamp": "2024-06-02 20:51:31"
        }
      ]
    ],
    "liquidations": [],
    "receive_time": 1717357891.03,
    "_doc": "178ff46d-b1d6-46f1-9837-865ab175fa37"
  },
  {
    "trades": [
      [
        {
          "side": "buy",
          "price": 67703.74,
          "quantity": 0.006908,
          "timestamp": "2024-06-02 20:51:33"
        }
      ]
    ],
    "liquidations": [],
    "receive_time": 1717357893.444,
    "_doc": "c26296a7-b380-4565-b24c-5c9028d3fb98"
  },
  {
    "trades": [
      [
        {
          "side": "buy",
          "price": 67704.91,
          "quantity": 0.006811,
          "timestamp": "2024-06-02 20:51:31"
        }
      ]
    ],
    "liquidations": [],
    "receive_time": 1717357891.03,
    "_doc": "e86cbd72-8930-4fc7-b401-4b8a46daad1f"
  },
  {
    "trades": [
      [
        {
          "side": "sell",
          "price": 67744.0,
          "quantity": 0.00076,
          "timestamp": "2024-06-02 20:51:33"
        }
      ]
    ],
    "liquidations": [],
    "receive_time": 1717357893.253,
    "_doc": "9ee29801-5026-4c74-bb8a-b292dea56915"
  },
  {
    "trades": [
      [
        {
          "side": "buy",
          "price": 67704.0,
          "quantity": 0.017156,
          "timestamp": "2024-06-02 20:51:31"
        }
      ]
    ],
    "liquidations": [],
    "receive_time": 1717357891.016,
    "_doc": "4d1080e7-1ca2-4af8-97cb-65a6a6b698aa"
  },
  {
    "trades": [
      [
        {
          "side": "sell",
          "price": 67744.0,
          "quantity": 0.050655,
          "timestamp": "2024-06-02 20:51:31"
        }
      ]
    ],
    "liquidations": [],
    "receive_time": 1717357891.439,
    "_doc": "cf009835-10f6-4b40-b04b-0523cf6ecf71"
  },
  {
    "trades": [
      [
        {
          "side": "buy",
          "price": 67703.69,
          "quantity": 0.011548,
          "timestamp": "2024-06-02 20:51:30"
        }
      ],
      [
        {
          "side": "buy",
          "price": 67703.69,
          "quantity": 0.015785,
          "timestamp": "2024-06-02 20:51:30"
        }
      ],
      [
        {
          "side": "buy",
          "price": 67703.69,
          "quantity": 0.018902,
          "timestamp": "2024-06-02 20:51:30"
        }
      ]
    ],
    "liquidations": [],
    "receive_time": 1717357890.81,
    "_doc": "1252e8b1-4bc1-464e-84d5-ec0c6cd6fac4"
  },
  {
    "trades": [
      [
        {
          "side": "buy",
          "price": 67743.07,
          "quantity": 0.000738,
          "timestamp": "2024-06-02 20:51:31"
        }
      ],
      [
        {
          "side": "buy",
          "price": 67743.33,
          "quantity": 0.00059,
          "timestamp": "2024-06-02 20:51:31"
        }
      ],
      [
        {
          "side": "buy",
          "price": 67743.75,
          "quantity": 0.000738,
          "timestamp": "2024-06-02 20:51:31"
        }
      ]
    ],
    "liquidations": [],
    "receive_time": 1717357891.063,
    "_doc": "1d7e55f8-7b56-4a13-8811-7ed6c20c856d"
  },
  {
    "trades": [
      [
        {
          "side": "buy",
          "price": 67703.01,
          "quantity": 0.007151,
          "timestamp": "2024-06-02 20:51:30"
        }
      ],
      [
        {
          "side": "buy",
          "price": 67703.02,
          "quantity": 0.006811,
          "timestamp": "2024-06-02 20:51:30"
        }
      ],
      [
        {
          "side": "buy",
          "price": 67703.31,
          "quantity": 0.006761,
          "timestamp": "2024-06-02 20:51:30"
        }
      ]
    ],
    "liquidations": [],
    "receive_time": 1717357890.809,
    "_doc": "7ed0e99d-8232-49ea-8fe3-f023f3ba62aa"
  },
  {
    "trades": [
      [
        {
          "side": "buy",
          "price": 67707.21,
          "quantity": 0.05,
          "timestamp": "2024-06-02 20:51:31"
        }
      ]
    ],
    "liquidations": [],
    "receive_time": 1717357891.047,
    "_doc": "fc1d9077-47f6-4619-99bd-dcef8ca76680"
  },
  {
    "trades": [
      [
        {
          "side": "buy",
          "price": 67701.98,
          "quantity": 0.01,
          "timestamp": "2024-06-02 20:51:30"
        }
      ],
      [
        {
          "side": "buy",
          "price": 67702.38,
          "quantity": 0.05,
          "timestamp": "2024-06-02 20:51:30"
        }
      ]
    ],
    "liquidations": [],
    "receive_time": 1717357890.747,
    "_doc": "7c204493-930a-432a-a151-8fe93ff345e0"
  },
  {
    "trades": [
      [
        {
          "side": "buy",
          "price": 67706.74,
          "quantity": 0.013672,
          "timestamp": "2024-06-02 20:51:31"
        }
      ],
      [
        {
          "side": "buy",
          "price": 67706.79,
          "quantity": 0.006811,
          "timestamp": "2024-06-02 20:51:31"
        }
      ]
    ],
    "liquidations": [],
    "receive_time": 1717357891.046,
    "_doc": "40aa234c-fa87-4f06-9657-279b1bf7c79d"
  },
  {
    "trades": [
      [
        {
          "side": "buy",
          "price": 67701.34,
          "quantity": 0.000957,
          "timestamp": "2024-06-02 20:51:30"
        }
      ],
      [
        {
          "side": "buy",
          "price": 67701.36,
          "quantity": 0.000957,
          "timestamp": "2024-06-02 20:51:30"
        }
      ]
    ],
    "liquidations": [],
    "receive_time": 1717357890.744,
    "_doc": "3a77f2f9-f72a-41b1-a8ac-407a83624437"
  },
  {
    "trades": [
      [
        {
          "side": "buy",
          "price": 67706.73,
          "quantity": 0.043066,
          "timestamp": "2024-06-02 20:51:31"
        }
      ]
    ],
    "liquidations": [],
    "receive_time": 1717357891.045,
    "_doc": "6d0bcc49-e89f-4e92-88e0-846c59a418e7"
  },
  {
    "trades": [
      [
        {
          "side": "buy",
          "price": 67696.39,
          "quantity": 5.7e-05,
          "timestamp": "2024-06-02 20:51:30"
        }
      ]
    ],
    "liquidations": [],
    "receive_time": 1717357890.734,
    "_doc": "e4639b3e-9dd4-4f67-a6a3-9bc12dae454a"
  },
  {
    "trades": [
      [
        {
          "side": "buy",
          "price": 67741.83,
          "quantity": 0.037448,
          "timestamp": "2024-06-02 20:51:31"
        }
      ],
      [
        {
          "side": "buy",
          "price": 67741.84,
          "quantity": 0.006761,
          "timestamp": "2024-06-02 20:51:31"
        }
      ],
      [
        {
          "side": "buy",
          "price": 67741.85,
          "quantity": 0.006761,
          "timestamp": "2024-06-02 20:51:31"
        }
      ],
      [
        {
          "side": "buy",
          "price": 67741.97,
          "quantity": 0.001807,
          "timestamp": "2024-06-02 20:51:31"
        }
      ],
      [
        {
          "side": "buy",
          "price": 67741.98,
          "quantity": 4.9e-05,
          "timestamp": "2024-06-02 20:51:31"
        }
      ],
      [
        {
          "side": "buy",
          "price": 67741.98,
          "quantity": 4.8e-05,
          "timestamp": "2024-06-02 20:51:31"
        }
      ]
    ],
    "liquidations": [],
    "receive_time": 1717357891.045,
    "_doc": "774b9ecd-a75c-436d-9574-26ed7c6ec5a3"
  },
  {
    "trades": [
      [
        {
          "side": "buy",
          "price": 67696.39,
          "quantity": 0.0009,
          "timestamp": "2024-06-02 20:51:30"
        }
      ]
    ],
    "liquidations": [],
    "receive_time": 1717357890.733,
    "_doc": "7f5b0b7e-16f6-4c1e-a0fe-f61fede120ce"
  },
  {
    "trades": [
      [
        {
          "side": "buy",
          "price": 67741.83,
          "quantity": 0.065393,
          "timestamp": "2024-06-02 20:51:31"
        }
      ],
      [
        {
          "side": "buy",
          "price": 67741.83,
          "quantity": 5.7e-05,
          "timestamp": "2024-06-02 20:51:31"
        }
      ],
      [
        {
          "side": "buy",
          "price": 67741.83,
          "quantity": 5.7e-05,
          "timestamp": "2024-06-02 20:51:31"
        }
      ],
      [
        {
          "side": "buy",
          "price": 67741.83,
          "quantity": 5.7e-05,
          "timestamp": "2024-06-02 20:51:31"
        }
      ],
      [
        {
          "side": "buy",
          "price": 67741.83,
          "quantity": 5.7e-05,
          "timestamp": "2024-06-02 20:51:31"
        }
      ],
      [
        {
          "side": "buy",
          "price": 67741.83,
          "quantity": 5.7e-05,
          "timestamp": "2024-06-02 20:51:31"
        }
      ],
      [
        {
          "side": "buy",
          "price": 67741.83,
          "quantity": 0.014499,
          "timestamp": "2024-06-02 20:51:31"
        }
      ]
    ],
    "liquidations": [],
    "receive_time": 1717357891.044,
    "_doc": "89879e2f-566c-40cf-bc8b-0e3652440403"
  },
  {
    "trades": [
      [
        {
          "side": "sell",
          "price": 67741.97,
          "quantity": 0.00059,
          "timestamp": "2024-06-02 20:51:28"
        }
      ]
    ],
    "liquidations": [],
    "receive_time": 1717357888.743,
    "_doc": "cd1b6740-7b41-4f42-8cae-27e8d910553e"
  },
  {
    "trades": [
      [
        {
          "side": "buy",
          "price": 67741.83,
          "quantity": 0.164893,
          "timestamp": "2024-06-02 20:51:31"
        }
      ],
      [
        {
          "side": "buy",
          "price": 67741.83,
          "quantity": 5.7e-05,
          "timestamp": "2024-06-02 20:51:31"
        }
      ],
      [
        {
          "side": "buy",
          "price": 67741.83,
          "quantity": 5.7e-05,
          "timestamp": "2024-06-02 20:51:31"
        }
      ],
      [
        {
          "side": "buy",
          "price": 67741.83,
          "quantity": 5.7e-05,
          "timestamp": "2024-06-02 20:51:31"
        }
      ],
      [
        {
          "side": "buy",
          "price": 67741.83,
          "quantity": 5.7e-05,
          "timestamp": "2024-06-02 20:51:31"
        }
      ],
      [
        {
          "side": "buy",
          "price": 67741.83,
          "quantity": 5.7e-05,
          "timestamp": "2024-06-02 20:51:31"
        }
      ],
      [
        {
          "side": "buy",
          "price": 67741.83,
          "quantity": 5.7e-05,
          "timestamp": "2024-06-02 20:51:31"
        }
      ],
      [
        {
          "side": "buy",
          "price": 67741.83,
          "quantity": 5.7e-05,
          "timestamp": "2024-06-02 20:51:31"
        }
      ],
      [
        {
          "side": "buy",
          "price": 67741.83,
          "quantity": 5.7e-05,
          "timestamp": "2024-06-02 20:51:31"
        }
      ],
      [
        {
          "side": "buy",
          "price": 67741.83,
          "quantity": 5.7e-05,
          "timestamp": "2024-06-02 20:51:31"
        }
      ],
      [
        {
          "side": "buy",
          "price": 67741.83,
          "quantity": 5.7e-05,
          "timestamp": "2024-06-02 20:51:31"
        }
      ],
      [
        {
          "side": "buy",
          "price": 67741.83,
          "quantity": 5.7e-05,
          "timestamp": "2024-06-02 20:51:31"
        }
      ],
      [
        {
          "side": "buy",
          "price": 67741.83,
          "quantity": 5.7e-05,
          "timestamp": "2024-06-02 20:51:31"
        }
      ],
      [
        {
          "side": "buy",
          "price": 67741.83,
          "quantity": 5.7e-05,
          "timestamp": "2024-06-02 20:51:31"
        }
      ],
      [
        {
          "side": "buy",
          "price": 67741.83,
          "quantity": 5.7e-05,
          "timestamp": "2024-06-02 20:51:31"
        }
      ],
      [
        {
          "side": "buy",
          "price": 67741.83,
          "quantity": 5.7e-05,
          "timestamp": "2024-06-02 20:51:31"
        }
