[{"action": "update", "arg": {"instType": "USDT-FUTURES", "channel": "trade", "instId": "BTCUSDT"}, "data": [{"ts": "1712099948261", "price": "65748.4", "size": "0.006", "side": "sell", "tradeId": "1159196689391923201"}], "ts": 1712099948279, "_doc": "f7e363ac-9d2c-4637-aa90-9f6c508e46e5"}, {"action": "update", "arg": {"instType": "COIN-FUTURES", "channel": "trade", "instId": "BTCUSD"}, "data": [{"ts": "1712099948123", "price": "65730.1", "size": "0.730", "side": "buy", "tradeId": "1159196688813096962"}], "ts": 1712099948159, "_doc": "722e0340-3836-4e06-8b23-02df7e1b67e8"}, {"action": "update", "arg": {"instType": "USDT-FUTURES", "channel": "trade", "instId": "BTCUSDT"}, "data": [{"ts": "1712099946692", "price": "65747.2", "size": "0.005", "side": "sell", "tradeId": "1159196682811060225"}], "ts": 1712099946716, "_doc": "6734809c-93a1-47d9-8853-d5d6869d9ffa"}, {"action": "update", "arg": {"instType": "USDT-FUTURES", "channel": "trade", "instId": "BTCUSDT"}, "data": [{"ts": "1712099946692", "price": "65747.2", "size": "0.005", "side": "sell", "tradeId": "1159196682811060225"}], "ts": 1712099946716, "_doc": "66e35b27-5ce8-48fa-8df0-f8df5ffa09f3"}, {"action": "update", "arg": {"instType": "USDC-FUTURES", "channel": "trade", "instId": "BTCPERP"}, "data": [{"ts": "1712099946153", "price": "65762.0", "size": "0.0138", "side": "buy", "tradeId": "1159196680550318111"}], "ts": 1712099946178, "_doc": "b0a87f29-8959-404d-bb06-d0d18bff4065"}, {"action": "update", "arg": {"instType": "USDT-FUTURES", "channel": "trade", "instId": "BTCUSDT"}, "data": [{"ts": "1712099945139", "price": "65752.0", "size": "0.336", "side": "buy", "tradeId": "1159196676297306113"}], "ts": 1712099945162, "_doc": "331ed89a-b1a6-442b-830c-f8a550e68f16"}, {"action": "update", "arg": {"instType": "USDT-FUTURES", "channel": "trade", "instId": "BTCUSDT"}, "data": [{"ts": "1712099945139", "price": "65752.0", "size": "0.336", "side": "buy", "tradeId": "1159196676297306113"}], "ts": 1712099945162, "_doc": "6eea2470-08fd-47f4-b3a9-95399e6f0c9b"}, {"action": "update", "arg": {"instType": "USDT-FUTURES", "channel": "trade", "instId": "BTCUSDT"}, "data": [{"ts": "1712099944042", "price": "65735.0", "size": "15.292", "side": "sell", "tradeId": "1159196671696154625"}], "ts": 1712099944052, "_doc": "e61b1937-31e3-4412-b043-2806ae0d4a97"}, {"action": "update", "arg": {"instType": "USDT-FUTURES", "channel": "trade", "instId": "BTCUSDT"}, "data": [{"ts": "1712099944042", "price": "65735.0", "size": "15.292", "side": "sell", "tradeId": "1159196671696154625"}], "ts": 1712099944052, "_doc": "90f91112-af3c-4933-a702-a38e143cbe91"}, {"action": "update", "arg": {"instType": "USDC-FUTURES", "channel": "trade", "instId": "BTCPERP"}, "data": [{"ts": "1712099942613", "price": "65755.5", "size": "0.0105", "side": "buy", "tradeId": "1159196665702481921"}], "ts": 1712099942660, "_doc": "00f74ea9-218b-4bfc-abc1-f42d530e446c"}, {"action": "update", "arg": {"instType": "COIN-FUTURES", "channel": "trade", "instId": "BTCUSD"}, "data": [{"ts": "1712099939542", "price": "65722.9", "size": "0.455", "side": "sell", "tradeId": "1159196652821774350"}], "ts": 1712099939563, "_doc": "9d54b341-51e2-4434-9458-fc7d8956cd43"}, {"action": "update", "arg": {"instType": "USDC-FUTURES", "channel": "trade", "instId": "BTCPERP"}, "data": [{"ts": "1712099938050", "price": "65755.5", "size": "0.0031", "side": "buy", "tradeId": "1159196646563872769"}], "ts": 1712099938104, "_doc": "dfbff5e5-cb27-475d-95bc-ed584b0928c4"}, {"action": "update", "arg": {"instType": "USDT-FUTURES", "channel": "trade", "instId": "BTCUSDT"}, "data": [{"ts": "1712099937148", "price": "65729.6", "size": "0.010", "side": "sell", "tradeId": "1159196642780622851"}], "ts": 1712099937201, "_doc": "a9c3530f-6150-4e9a-8156-95d1b0bb8e2e"}, {"action": "update", "arg": {"instType": "USDT-FUTURES", "channel": "trade", "instId": "BTCUSDT"}, "data": [{"ts": "1712099936484", "price": "65729.6", "size": "14.585", "side": "sell", "tradeId": "1159196639995604993"}], "ts": 1712099936497, "_doc": "1aa6166b-e561-48bd-aceb-f72e8ec09e58"}, {"action": "update", "arg": {"instType": "USDC-FUTURES", "channel": "trade", "instId": "BTCPERP"}, "data": [{"ts": "1712099935005", "price": "65755.0", "size": "0.0022", "side": "sell", "tradeId": "1159196633792217089"}], "ts": 1712099935038, "_doc": "ca7fe741-b40b-4551-a301-8b6efc51e518"}, {"action": "update", "arg": {"instType": "USDT-FUTURES", "channel": "trade", "instId": "BTCUSDT"}, "data": [{"ts": "1712099934211", "price": "65729.6", "size": "0.030", "side": "sell", "tradeId": "1159196630461952001"}], "ts": 1712099934237, "_doc": "224dddf2-a69c-45ee-b20a-a52e6d71e156"}, {"action": "update", "arg": {"instType": "USDT-FUTURES", "channel": "trade", "instId": "BTCUSDT"}, "data": [{"ts": "1712099934102", "price": "65729.6", "size": "0.001", "side": "sell", "tradeId": "1159196630004772866"}], "ts": 1712099934136, "_doc": "ff1e71f1-a1d8-417a-86e4-aee45078294e"}, {"action": "update", "arg": {"instType": "USDT-FUTURES", "channel": "trade", "instId": "BTCUSDT"}, "data": [{"ts": "1712099934077", "price": "65729.7", "size": "0.005", "side": "buy", "tradeId": "1159196629899915265"}], "ts": 1712099934084, "_doc": "d5dc3d7c-01a2-4831-baa6-5855202013be"}, {"action": "update", "arg": {"instType": "USDT-FUTURES", "channel": "trade", "instId": "BTCUSDT"}, "data": [{"ts": "1712099934077", "price": "65729.7", "size": "0.005", "side": "buy", "tradeId": "1159196629899915265"}], "ts": 1712099934084, "_doc": "399f9f86-a165-473a-92e9-df698dac5c31"}, {"action": "update", "arg": {"instType": "USDT-FUTURES", "channel": "trade", "instId": "BTCUSDT"}, "data": [{"ts": "1712099932586", "price": "65729.8", "size": "0.284", "side": "sell", "tradeId": "1159196623646208054"}], "ts": 1712099932627, "_doc": "615a6b5a-5d50-4700-9f6d-5f32563690ea"}, {"action": "update", "arg": {"instType": "USDT-FUTURES", "channel": "trade", "instId": "BTCUSDT"}, "data": [{"ts": "1712099930780", "price": "65729.8", "size": "0.003", "side": "sell", "tradeId": "1159196616071295020"}], "ts": 1712099930816, "_doc": "2b905d73-6940-45ac-8795-eb55bca588ab"}, {"action": "update", "arg": {"instType": "USDT-FUTURES", "channel": "trade", "instId": "BTCUSDT"}, "data": [{"ts": "1712099930780", "price": "65729.8", "size": "0.003", "side": "sell", "tradeId": "1159196616071295020"}], "ts": 1712099930816, "_doc": "fbe6b4d4-01c5-4de1-a510-bffadb6efa62"}, {"action": "update", "arg": {"instType": "USDC-FUTURES", "channel": "trade", "instId": "BTCPERP"}, "data": [{"ts": "1712099930442", "price": "65760.0", "size": "0.0051", "side": "sell", "tradeId": "1159196614653607937"}], "ts": 1712099930474, "_doc": "2fd72496-5824-4843-8d56-6601c20231a0"}, {"action": "update", "arg": {"instType": "COIN-FUTURES", "channel": "trade", "instId": "BTCUSD"}, "data": [{"ts": "1712099929978", "price": "65728.3", "size": "0.363", "side": "sell", "tradeId": "1159196612707450894"}], "ts": 1712099929990, "_doc": "cffc22f4-5d6e-49f6-95ac-c8d21b7264d3"}, {"action": "update", "arg": {"instType": "USDT-FUTURES", "channel": "trade", "instId": "BTCUSDT"}, "data": [{"ts": "1712099929490", "price": "65735.1", "size": "0.190", "side": "buy", "tradeId": "1159196610660642817"}], "ts": 1712099929552, "_doc": "0c89f040-e34c-4ebd-b5f3-610fd505a1ad"}, {"action": "update", "arg": {"instType": "USDT-FUTURES", "channel": "trade", "instId": "BTCUSDT"}, "data": [{"ts": "1712099929490", "price": "65735.1", "size": "0.190", "side": "buy", "tradeId": "1159196610660642817"}], "ts": 1712099929552, "_doc": "6b84cc03-9d25-4c7d-86ff-85738149917a"}, {"action": "update", "arg": {"instType": "USDC-FUTURES", "channel": "trade", "instId": "BTCPERP"}, "data": [{"ts": "1712099928114", "price": "65760.5", "size": "0.0010", "side": "buy", "tradeId": "1159196604889268299"}], "ts": 1712099928168, "_doc": "90c2b1ec-5536-43b5-81f2-6b488a2904f9"}, {"action": "update", "arg": {"instType": "USDC-FUTURES", "channel": "trade", "instId": "BTCPERP"}, "data": [{"ts": "1712099927404", "price": "65760.5", "size": "0.0049", "side": "buy", "tradeId": "1159196601911312424"}], "ts": 1712099927415, "_doc": "84fd4954-056f-434c-83c6-bb11f8811f54"}, {"action": "update", "arg": {"instType": "COIN-FUTURES", "channel": "trade", "instId": "BTCUSD"}, "data": [{"ts": "1712099926440", "price": "65728.3", "size": "0.643", "side": "sell", "tradeId": "1159196597868003412"}], "ts": 1712099926494, "_doc": "517894e8-b462-49e0-b552-5eb36d975743"}, {"action": "update", "arg": {"instType": "USDT-FUTURES", "channel": "trade", "instId": "BTCUSDT"}, "data": [{"ts": "1712099925892", "price": "65730.5", "size": "8.710", "side": "sell", "tradeId": "1159196595569537025"}], "ts": 1712099925935, "_doc": "aa49e040-10be-4b26-9b9c-e561d2e16f2c"}, {"action": "update", "arg": {"instType": "COIN-FUTURES", "channel": "trade", "instId": "BTCUSD"}, "data": [{"ts": "1712099922400", "price": "65728.8", "size": "0.698", "side": "buy", "tradeId": "1159196580923015169"}], "ts": 1712099922421, "_doc": "30cfb70b-6e0d-4706-9816-40d95da338bb"}, {"action": "update", "arg": {"instType": "USDC-FUTURES", "channel": "trade", "instId": "BTCPERP"}, "data": [{"ts": "1712099922357", "price": "65760.5", "size": "0.0056", "side": "buy", "tradeId": "1159196580742660098"}], "ts": 1712099922408, "_doc": "346b621a-94af-4301-b919-2c416f28792b"}, {"action": "update", "arg": {"instType": "USDT-FUTURES", "channel": "trade", "instId": "BTCUSDT"}, "data": [{"ts": "1712099919980", "price": "65733.7", "size": "0.002", "side": "buy", "tradeId": "1159196570772811777"}], "ts": 1712099920028, "_doc": "c9a76443-6fa5-4d6f-b618-57a304d31a4f"}, {"action": "update", "arg": {"instType": "USDC-FUTURES", "channel": "trade", "instId": "BTCPERP"}, "data": [{"ts": "1712099919764", "price": "65760.0", "size": "0.0010", "side": "sell", "tradeId": "1159196569866829825"}], "ts": 1712099919806, "_doc": "4e7f7b6b-a9cd-4ed8-9955-3b0f2cb99ce4"}, {"action": "update", "arg": {"instType": "USDT-FUTURES", "channel": "trade", "instId": "BTCUSDT"}, "data": [{"ts": "1712099919299", "price": "65730.1", "size": "0.014", "side": "sell", "tradeId": "1159196567916490752"}], "ts": 1712099919319, "_doc": "1fdf7292-2979-4d62-bd54-d3fc6d172808"}, {"action": "update", "arg": {"instType": "COIN-FUTURES", "channel": "trade", "instId": "BTCUSD"}, "data": [{"ts": "1712099918853", "price": "65728.3", "size": "0.587", "side": "sell", "tradeId": "1159196566045818882"}], "ts": 1712099918907, "_doc": "6f1540cd-f44f-4a01-b410-ec6fd5aaa811"}, {"action": "update", "arg": {"instType": "USDC-FUTURES", "channel": "trade", "instId": "BTCPERP"}, "data": [{"ts": "1712099918304", "price": "65760.0", "size": "0.0027", "side": "sell", "tradeId": "1159196563743145985"}], "ts": 1712099918339, "_doc": "179d0a57-f8fc-4bf5-8c39-e55d11bc2671"}, {"action": "update", "arg": {"instType": "COIN-FUTURES", "channel": "trade", "instId": "BTCUSD"}, "data": [{"ts": "1712099917830", "price": "65728.3", "size": "0.581", "side": "sell", "tradeId": "1159196561755045889"}], "ts": 1712099917853, "_doc": "6ebfdb7d-9609-4b57-8cf1-390fb0ea426e"}, {"action": "update", "arg": {"instType": "USDT-FUTURES", "channel": "trade", "instId": "BTCUSDT"}, "data": [{"ts": "1712099915806", "price": "65731.0", "size": "16.876", "side": "buy", "tradeId": "1159196553265786881"}], "ts": 1712099915853, "_doc": "20ff63a3-da8e-4b48-85c4-89189683b5db"}, {"action": "update", "arg": {"instType": "USDT-FUTURES", "channel": "trade", "instId": "BTCUSDT"}, "data": [{"ts": "1712099915786", "price": "65732.5", "size": "0.017", "side": "buy", "tradeId": "1159196553181900816"}], "ts": 1712099915802, "_doc": "09e848ba-96f7-4cde-80ac-7fc5ad52abf1"}, {"action": "update", "arg": {"instType": "USDT-FUTURES", "channel": "trade", "instId": "BTCUSDT"}, "data": [{"ts": "1712099914473", "price": "65732.4", "size": "0.065", "side": "sell", "tradeId": "1159196547674779649"}], "ts": 1712099914499, "_doc": "252f4f76-bca7-429d-ae0f-49fd72863cab"}, {"action": "update", "arg": {"instType": "USDC-FUTURES", "channel": "trade", "instId": "BTCPERP"}, "data": [{"ts": "1712099914258", "price": "65760.0", "size": "0.0030", "side": "sell", "tradeId": "1159196546772992126"}], "ts": 1712099914277, "_doc": "c81b9a82-d22a-4462-a53f-0236ff6929c3"}, {"action": "update", "arg": {"instType": "COIN-FUTURES", "channel": "trade", "instId": "BTCUSD"}, "data": [{"ts": "1712099912775", "price": "65728.3", "size": "0.418", "side": "sell", "tradeId": "1159196540552839169"}], "ts": 1712099912808, "_doc": "b887b4b0-d93a-4e51-85b6-9073de918769"}, {"action": "update", "arg": {"instType": "USDT-FUTURES", "channel": "trade", "instId": "BTCUSDT"}, "data": [{"ts": "1712099912609", "price": "65733.7", "size": "0.020", "side": "sell", "tradeId": "1159196539856596993"}], "ts": 1712099912639, "_doc": "1b8e2801-a7c9-4e26-b201-fe9d7e11b714"}, {"action": "update", "arg": {"instType": "USDT-FUTURES", "channel": "trade", "instId": "BTCUSDT"}, "data": [{"ts": "1712099912560", "price": "65733.7", "size": "0.071", "side": "sell", "tradeId": "1159196539651076097"}], "ts": 1712099912590, "_doc": "89d39d6b-8e89-432e-bc04-e012cfd9118b"}, {"action": "snapshot", "arg": {"instType": "COIN-FUTURES", "channel": "trade", "instId": "BTCUSD"}, "data": [{"ts": "1712099907921", "price": "65728.8", "size": "0.001", "side": "buy", "tradeId": "1159196520193687553"}, {"ts": "1712099907723", "price": "65728.8", "size": "0.300", "side": "buy", "tradeId": "1159196519363215361"}, {"ts": "1712099904770", "price": "65742.7", "size": "0.003", "side": "sell", "tradeId": "1159196506977435649"}, {"ts": "1712099898145", "price": "65742.7", "size": "0.477", "side": "sell", "tradeId": "1159196479190171649"}, {"ts": "1712099895625", "price": "65730.2", "size": "0.001", "side": "sell", "tradeId": "1159196468620525569"}, {"ts": "1712099890085", "price": "65728.6", "size": "0.355", "side": "sell", "tradeId": "1159196445384081409"}, {"ts": "1712099882517", "price": "65722.1", "size": "0.471", "side": "sell", "tradeId": "1159196413641588737"}, {"ts": "1712099877476", "price": "65717.5", "size": "0.330", "side": "sell", "tradeId": "1159196392498102273"}, {"ts": "1712099869918", "price": "65718.0", "size": "0.260", "side": "buy", "tradeId": "1159196360797552641"}, {"ts": "1712099866885", "price": "65715.0", "size": "0.255", "side": "sell", "tradeId": "1159196348076228610"}, {"ts": "1712099865356", "price": "65715.5", "size": "0.438", "side": "buy", "tradeId": "1159196341663137793"}, {"ts": "1712099859303", "price": "65715.0", "size": "0.260", "side": "sell", "tradeId": "1159196316275015684"}, {"ts": "1712099852739", "price": "65715.5", "size": "0.285", "side": "buy", "tradeId": "1159196288743604275"}, {"ts": "1712099849702", "price": "65715.5", "size": "0.337", "side": "buy", "tradeId": "1159196276005503053"}, {"ts": "1712099847667", "price": "65715.0", "size": "0.823", "side": "sell", "tradeId": "1159196267470094387"}, {"ts": "1712099846640", "price": "65715.0", "size": "0.576", "side": "sell", "tradeId": "1159196263162544198"}, {"ts": "1712099837065", "price": "65747.3", "size": "0.669", "side": "buy", "tradeId": "1159196223002083330"}, {"ts": "1712099835031", "price": "65747.3", "size": "0.591", "side": "buy", "tradeId": "1159196214470868993"}, {"ts": "1712099826969", "price": "65747.3", "size": "0.602", "side": "buy", "tradeId": "1159196180656390145"}, {"ts": "1712099819406", "price": "65746.8", "size": "0.373", "side": "sell", "tradeId": "1159196148934869124"}, {"ts": "1712099810838", "price": "65747.3", "size": "0.684", "side": "buy", "tradeId": "1159196112998072321"}, {"ts": "1712099805579", "price": "65747.3", "size": "0.002", "side": "buy", "tradeId": "1159196090940227585"}, {"ts": "1712099804510", "price": "65746.8", "size": "0.002", "side": "sell", "tradeId": "1159196086456516609"}, {"ts": "1712099802774", "price": "65746.8", "size": "0.587", "side": "sell", "tradeId": "1159196079175204865"}, {"ts": "1712099797220", "price": "65745.7", "size": "0.872", "side": "sell", "tradeId": "1159196055880040528"}, {"ts": "1712099787652", "price": "65744.6", "size": "0.598", "side": "sell", "tradeId": "1159196015748939777"}, {"ts": "1712099783607", "price": "65744.6", "size": "0.515", "side": "sell", "tradeId": "1159195998782980097"}, {"ts": "1712099774539", "price": "65740.2", "size": "0.349", "side": "buy", "tradeId": "1159195960749031425"}, {"ts": "1712099772510", "price": "65721.3", "size": "0.270", "side": "sell", "tradeId": "1159195952238788609"}, {"ts": "1712099763434", "price": "65705.2", "size": "0.627", "side": "sell", "tradeId": "1159195914171285505"}, {"ts": "1712099755371", "price": "65691.4", "size": "0.416", "side": "buy", "tradeId": "1159195880352612353"}, {"ts": "1712099748299", "price": "65691.4", "size": "0.323", "side": "buy", "tradeId": "1159195850690494465"}, {"ts": "1712099743753", "price": "65691.4", "size": "0.550", "side": "buy", "tradeId": "1159195831623188565"}, {"ts": "1712099742653", "price": "65691.4", "size": "0.003", "side": "buy", "tradeId": "1159195827009454081"}, {"ts": "1712099742222", "price": "65690.9", "size": "0.626", "side": "sell", "tradeId": "1159195825201709057"}, {"ts": "1712099736164", "price": "65690.9", "size": "0.510", "side": "sell", "tradeId": "1159195799792615425"}, {"ts": "1712099727601", "price": "65703.0", "size": "0.383", "side": "sell", "tradeId": "1159195763876790273"}, {"ts": "1712099718536", "price": "65702.7", "size": "0.523", "side": "buy", "tradeId": "1159195725855424513"}, {"ts": "1712099716000", "price": "65710.9", "size": "0.351", "side": "sell", "tradeId": "1159195715218669569"}, {"ts": "1712099709961", "price": "65728.6", "size": "0.785", "side": "sell", "tradeId": "1159195689889267838"}, {"ts": "1712099700393", "price": "65720.9", "size": "0.731", "side": "sell", "tradeId": "1159195649758167045"}, {"ts": "1712099691811", "price": "65702.6", "size": "0.478", "side": "buy", "tradeId": "1159195613762650113"}, {"ts": "1712099682714", "price": "65702.6", "size": "0.374", "side": "buy", "tradeId": "1159195575607066702"}, {"ts": "1712099681183", "price": "65702.6", "size": "0.629", "side": "buy", "tradeId": "1159195569185587201"}, {"ts": "1712099678648", "price": "65702.6", "size": "0.649", "side": "buy", "tradeId": "1159195558553026561"}, {"ts": "1712099667545", "price": "65702.6", "size": "0.422", "side": "buy", "tradeId": "1159195511983669301"}, {"ts": "1712099656449", "price": "65702.6", "size": "0.421", "side": "buy", "tradeId": "1159195465443672065"}, {"ts": "1712099655865", "price": "65702.5", "size": "0.275", "side": "buy", "tradeId": "1159195462994198559"}, {"ts": "1712099649382", "price": "65702.5", "size": "0.537", "side": "buy", "tradeId": "1159195435802525697"}, {"ts": "1712099644822", "price": "65702.0", "size": "0.301", "side": "sell", "tradeId": "1159195416676499492"}, {"ts": "1712099641286", "price": "65702.0", "size": "0.577", "side": "sell", "tradeId": "1159195401845440513"}, {"ts": "1712099640694", "price": "65702.5", "size": "0.117", "side": "buy", "tradeId": "1159195399362412545"}, {"ts": "1712099635969", "price": "65702.5", "size": "0.001", "side": "buy", "tradeId": "1159195379544326146"}, {"ts": "1712099631717", "price": "65702.5", "size": "0.449", "side": "buy", "tradeId": "1159195361710145633"}, {"ts": "1712099621630", "price": "65702.5", "size": "0.564", "side": "buy", "tradeId": "1159195319402201163"}, {"ts": "1712099612055", "price": "65702.5", "size": "0.460", "side": "buy", "tradeId": "1159195279241740290"}, {"ts": "1712099607512", "price": "65698.1", "size": "0.392", "side": "sell", "tradeId": "1159195260187017217"}, {"ts": "1712099604480", "price": "65698.6", "size": "0.655", "side": "buy", "tradeId": "1159195247469887531"}, {"ts": "1712099596420", "price": "65690.9", "size": "0.490", "side": "sell", "tradeId": "1159195213663797249"}, {"ts": "1712099591377", "price": "65690.9", "size": "0.371", "side": "sell", "tradeId": "1159195192511922252"}, {"ts": "1712099586821", "price": "65690.9", "size": "0.849", "side": "sell", "tradeId": "1159195173402673256"}, {"ts": "1712099579760", "price": "65690.9", "size": "0.697", "side": "sell", "tradeId": "1159195143786692610"}, {"ts": "1712099571174", "price": "65691.4", "size": "0.353", "side": "buy", "tradeId": "1159195107774398465"}, {"ts": "1712099569643", "price": "65690.9", "size": "0.430", "side": "sell", "tradeId": "1159195101352919041"}, {"ts": "1712099568510", "price": "65691.4", "size": "0.001", "side": "buy", "tradeId": "1159195096600772609"}, {"ts": "1712099562584", "price": "65690.9", "size": "0.409", "side": "sell", "tradeId": "1159195071745327105"}, {"ts": "1712099560550", "price": "65690.9", "size": "0.841", "side": "sell", "tradeId": "1159195063214112769"}, {"ts": "1712099559523", "price": "65691.4", "size": "0.661", "side": "buy", "tradeId": "1159195058906562561"}, {"ts": "1712099556233", "price": "65690.9", "size": "0.001", "side": "sell", "tradeId": "1159195045107302401"}, {"ts": "1712099552462", "price": "65690.9", "size": "0.449", "side": "sell", "tradeId": "1159195029290582017"}, {"ts": "1712099548558", "price": "65690.9", "size": "0.113", "side": "sell", "tradeId": "1159195012916019201"}, {"ts": "1712099547414", "price": "65691.4", "size": "0.459", "side": "buy", "tradeId": "1159195008117735425"}, {"ts": "1712099545388", "price": "65691.4", "size": "0.347", "side": "buy", "tradeId": "1159194999620075523"}, {"ts": "1712099537321", "price": "65691.4", "size": "0.293", "side": "buy", "tradeId": "1159194965784625154"}, {"ts": "1712099533312", "price": "65691.4", "size": "0.100", "side": "buy", "tradeId": "1159194948969660417"}, {"ts": "1712099532774", "price": "65691.4", "size": "0.561", "side": "buy", "tradeId": "1159194946713124865"}, {"ts": "1712099527217", "price": "65690.9", "size": "0.406", "side": "sell", "tradeId": "1159194923405377537"}, {"ts": "1712099523678", "price": "65690.9", "size": "0.439", "side": "sell", "tradeId": "1159194908561735738"}, {"ts": "1712099517623", "price": "65698.9", "size": "0.565", "side": "sell", "tradeId": "1159194883165224961"}, {"ts": "1712099515533", "price": "65702.8", "size": "0.009", "side": "sell", "tradeId": "1159194874399129602"}, {"ts": "1712099514586", "price": "65702.8", "size": "0.532", "side": "sell", "tradeId": "1159194870427123713"}, {"ts": "1712099508540", "price": "65702.8", "size": "0.547", "side": "sell", "tradeId": "1159194845068361808"}, {"ts": "1712099507013", "price": "65703.3", "size": "0.535", "side": "buy", "tradeId": "1159194838663659521"}, {"ts": "1712099505487", "price": "65702.8", "size": "0.307", "side": "sell", "tradeId": "1159194832263151689"}, {"ts": "1712099502647", "price": "65703.3", "size": "0.001", "side": "buy", "tradeId": "1159194820351328259"}, {"ts": "1712099498933", "price": "65692.3", "size": "0.466", "side": "buy", "tradeId": "1159194804773683201"}, {"ts": "1712099491369", "price": "65692.3", "size": "0.603", "side": "buy", "tradeId": "1159194773047967883"}, {"ts": "1712099490258", "price": "65691.8", "size": "0.001", "side": "sell", "tradeId": "1159194768388096021"}, {"ts": "1712099487330", "price": "65692.3", "size": "0.104", "side": "buy", "tradeId": "1159194756107173925"}, {"ts": "1712099481272", "price": "65691.3", "size": "0.243", "side": "buy", "tradeId": "1159194730698080421"}, {"ts": "1712099477229", "price": "65691.3", "size": "0.205", "side": "buy", "tradeId": "1159194713740509185"}, {"ts": "1712099475705", "price": "65690.8", "size": "0.216", "side": "sell", "tradeId": "1159194707348389889"}, {"ts": "1712099466281", "price": "65691.3", "size": "0.002", "side": "buy", "tradeId": "1159194667821268992"}, {"ts": "1712099466127", "price": "65690.8", "size": "0.104", "side": "sell", "tradeId": "1159194667175346177"}, {"ts": "1712099465214", "price": "65690.8", "size": "0.002", "side": "sell", "tradeId": "1159194663345946625"}, {"ts": "1712099458070", "price": "65690.8", "size": "0.238", "side": "sell", "tradeId": "1159194633381838859"}, {"ts": "1712099457042", "price": "65690.8", "size": "0.137", "side": "sell", "tradeId": "1159194629070094358"}, {"ts": "1712099456020", "price": "65690.8", "size": "0.179", "side": "sell", "tradeId": "1159194624783515751"}, {"ts": "1712099451984", "price": "65690.8", "size": "0.167", "side": "sell", "tradeId": "1159194607855304730"}, {"ts": "1712099448090", "price": "65690.8", "size": "0.005", "side": "sell", "tradeId": "1159194591522684928"}, {"ts": "1712099445433", "price": "65691.3", "size": "0.198", "side": "buy", "tradeId": "1159194580378419201"}, {"ts": "1712099438369", "price": "65691.3", "size": "0.165", "side": "buy", "tradeId": "1159194550749855825"}, {"ts": "1712099435329", "price": "65691.3", "size": "0.241", "side": "buy", "tradeId": "1159194537999171585"}, {"ts": "1712099427259", "price": "65681.7", "size": "0.190", "side": "buy", "tradeId": "1159194504151138375"}, {"ts": "1712099420694", "price": "65681.2", "size": "0.269", "side": "sell", "tradeId": "1159194476615532545"}, {"ts": "1712099415654", "price": "65678.8", "size": "0.193", "side": "sell", "tradeId": "1159194455476240385"}, {"ts": "1712099408584", "price": "65679.3", "size": "0.265", "side": "buy", "tradeId": "1159194425822511317"}, {"ts": "1712099401022", "price": "65674.7", "size": "0.142", "side": "sell", "tradeId": "1159194394105184300"}, {"ts": "1712099397275", "price": "65675.2", "size": "0.002", "side": "buy", "tradeId": "1159194378389127170"}, {"ts": "1712099396213", "price": "65673.8", "size": "0.002", "side": "sell", "tradeId": "1159194373934776376"}, {"ts": "1712099394458", "price": "65673.2", "size": "0.238", "side": "sell", "tradeId": "1159194366573772801"}, {"ts": "1712099385893", "price": "65665.5", "size": "0.330", "side": "buy", "tradeId": "1159194330649559041"}, {"ts": "1712099379838", "price": "65665.0", "size": "0.271", "side": "sell", "tradeId": "1159194305253048353"}, {"ts": "1712099372288", "price": "65665.5", "size": "0.144", "side": "buy", "tradeId": "1159194273586053121"}, {"ts": "1712099370250", "price": "65670.9", "size": "0.253", "side": "sell", "tradeId": "1159194265038061569"}, {"ts": "1712099367712", "price": "65674.4", "size": "0.254", "side": "sell", "tradeId": "1159194254392918017"}, {"ts": "1712099359652", "price": "65681.7", "size": "0.461", "side": "sell", "tradeId": "1159194220586827777"}, {"ts": "1712099350066", "price": "65689.7", "size": "0.420", "side": "buy", "tradeId": "1159194180380229673"}, {"ts": "1712099344013", "price": "65685.9", "size": "0.479", "side": "sell", "tradeId": "1159194154992107522"}, {"ts": "1712099342988", "price": "65685.9", "size": "0.402", "side": "sell", "tradeId": "1159194150692945921"}, {"ts": "1712099339798", "price": "65685.9", "size": "0.008", "side": "sell", "tradeId": "1159194137313116160"}, {"ts": "1712099333929", "price": "65686.4", "size": "0.239", "side": "buy", "tradeId": "1159194112696746016"}, {"ts": "1712099333370", "price": "65686.4", "size": "0.131", "side": "buy", "tradeId": "1159194110352130049"}, {"ts": "1712099330387", "price": "65685.9", "size": "0.411", "side": "sell", "tradeId": "1159194097840521291"}, {"ts": "1712099328356", "price": "65686.4", "size": "0.548", "side": "buy", "tradeId": "1159194089321889871"}, {"ts": "1712099324296", "price": "65686.4", "size": "0.488", "side": "buy", "tradeId": "1159194072293015553"}, {"ts": "1712099315714", "price": "65711.6", "size": "0.420", "side": "buy", "tradeId": "1159194036297498666"}, {"ts": "1712099313682", "price": "65712.1", "size": "0.382", "side": "buy", "tradeId": "1159194027774672935"}, {"ts": "1712099307628", "price": "65711.6", "size": "0.354", "side": "sell", "tradeId": "1159194002382356518"}, {"ts": "1712099302081", "price": "65743.4", "size": "0.530", "side": "buy", "tradeId": "1159193979116552193"}, {"ts": "1712099295360", "price": "65743.4", "size": "0.155", "side": "buy", "tradeId": "1159193950926635011"}, {"ts": "1712099293504", "price": "65754.1", "size": "0.405", "side": "sell", "tradeId": "1159193943142006785"}, {"ts": "1712099285438", "price": "65754.6", "size": "0.261", "side": "buy", "tradeId": "1159193909310750721"}, {"ts": "1712099277379", "price": "65754.1", "size": "0.600", "side": "sell", "tradeId": "1159193875508854784"}, {"ts": "1712099274829", "price": "65754.6", "size": "0.503", "side": "buy", "tradeId": "1159193864813379585"}, {"ts": "1712099271634", "price": "65755.2", "size": "0.115", "side": "buy", "tradeId": "1159193851412578307"}, {"ts": "1712099271634", "price": "65754.6", "size": "0.192", "side": "buy", "tradeId": "1159193851412578304"}, {"ts": "1712099268776", "price": "65754.1", "size": "0.521", "side": "sell", "tradeId": "1159193839425257474"}, {"ts": "1712099266737", "price": "65734.8", "size": "0.585", "side": "sell", "tradeId": "1159193830873071617"}, {"ts": "1712099260682", "price": "65729.3", "size": "0.339", "side": "sell", "tradeId": "1159193805476560897"}, {"ts": "1712099257645", "price": "65729.8", "size": "0.578", "side": "buy", "tradeId": "1159193792738459649"}, {"ts": "1712099247571", "price": "65729.3", "size": "0.105", "side": "sell", "tradeId": "1159193750485041191"}, {"ts": "1712099237494", "price": "65721.6", "size": "0.077", "side": "sell", "tradeId": "1159193708219039745"}, {"ts": "1712099228922", "price": "65722.1", "size": "0.091", "side": "buy", "tradeId": "1159193672265465857"}, {"ts": "1712099220132", "price": "65719.4", "size": "0.180", "side": "buy", "tradeId": "1159193635397533697"}, {"ts": "1712099219342", "price": "65718.9", "size": "0.105", "side": "sell", "tradeId": "1159193632084033537"}, {"ts": "1712099217310", "price": "65719.4", "size": "0.050", "side": "buy", "tradeId": "1159193623561207809"}, {"ts": "1712099207745", "price": "65722.1", "size": "0.067", "side": "buy", "tradeId": "1159193583442690049"}, {"ts": "1712099206218", "price": "65721.6", "size": "0.125", "side": "sell", "tradeId": "1159193577037987854"}, {"ts": "1712099200656", "price": "65727.4", "size": "0.055", "side": "buy", "tradeId": "1159193553709268993"}, {"ts": "1712099196617", "price": "65733.0", "size": "0.073", "side": "buy", "tradeId": "1159193536768475137"}, {"ts": "1712099189044", "price": "65732.5", "size": "0.121", "side": "sell", "tradeId": "1159193505005010945"}, {"ts": "1712099187514", "price": "65733.0", "size": "0.349", "side": "buy", "tradeId": "1159193498587725834"}, {"ts": "1712099177940", "price": "65733.0", "size": "0.145", "side": "buy", "tradeId": "1159193458431459386"}, {"ts": "1712099171873", "price": "65732.5", "size": "0.214", "side": "sell", "tradeId": "1159193432984616961"}, {"ts": "1712099166818", "price": "65742.9", "size": "0.343", "side": "sell", "tradeId": "1159193411782410280"}, {"ts": "1712099160263", "price": "65748.7", "size": "0.164", "side": "buy", "tradeId": "1159193384288747521"}, {"ts": "1712099155714", "price": "65756.5", "size": "0.278", "side": "sell", "tradeId": "1159193365208858660"}, {"ts": "1712099153178", "price": "65756.5", "size": "0.157", "side": "sell", "tradeId": "1159193354572103681"}, {"ts": "1712099151204", "price": "65757.0", "size": "0.124", "side": "buy", "tradeId": "1159193346292547585"}, {"ts": "1712099147703", "price": "65757.0", "size": "0.001", "side": "buy", "tradeId": "1159193331608289281"}, {"ts": "1712099144603", "price": "65757.0", "size": "0.180", "side": "buy", "tradeId": "1159193318605946881"}, {"ts": "1712099139556", "price": "65762.8", "size": "0.161", "side": "buy", "tradeId": "1159193297437294593"}, {"ts": "1712099138030", "price": "65762.3", "size": "0.135", "side": "sell", "tradeId": "1159193291036786689"}, {"ts": "1712099133990", "price": "65762.8", "size": "0.290", "side": "buy", "tradeId": "1159193274091798605"}, {"ts": "1712099127438", "price": "65762.3", "size": "0.216", "side": "sell", "tradeId": "1159193246610718721"}, {"ts": "1712099123401", "price": "65762.3", "size": "0.191", "side": "sell", "tradeId": "1159193229678313489"}, {"ts": "1712099117342", "price": "65756.5", "size": "0.421", "side": "sell", "tradeId": "1159193204265025537"}, {"ts": "1712099109279", "price": "65756.5", "size": "0.310", "side": "sell", "tradeId": "1159193170446352385"}, {"ts": "1712099106686", "price": "65757.0", "size": "0.226", "side": "buy", "tradeId": "1159193159570522115"}, {"ts": "1712099102731", "price": "65756.5", "size": "0.298", "side": "sell", "tradeId": "1159193142982049828"}, {"ts": "1712099096686", "price": "65759.4", "size": "0.180", "side": "buy", "tradeId": "1159193117627482113"}, {"ts": "1712099096618", "price": "65759.4", "size": "0.001", "side": "buy", "tradeId": "1159193117342269442"}, {"ts": "1712099092653", "price": "65758.9", "size": "0.360", "side": "sell", "tradeId": "1159193100711854081"}, {"ts": "1712099088614", "price": "65758.9", "size": "0.466", "side": "sell", "tradeId": "1159193083771060326"}, {"ts": "1712099087906", "price": "65759.4", "size": "0.003", "side": "buy", "tradeId": "1159193080801492994"}, {"ts": "1712099084340", "price": "65758.9", "size": "0.001", "side": "sell", "tradeId": "1159193065844604929"}, {"ts": "1712099083561", "price": "65758.9", "size": "0.289", "side": "sell", "tradeId": "1159193062577242113"}, {"ts": "1712099076009", "price": "65759.4", "size": "0.389", "side": "buy", "tradeId": "1159193030901858305"}, {"ts": "1712099074472", "price": "65759.4", "size": "0.171", "side": "buy", "tradeId": "1159193024455213057"}, {"ts": "1712099074258", "price": "65759.4", "size": "0.005", "side": "buy", "tradeId": "1159193023557632052"}, {"ts": "1712099072436", "price": "65758.9", "size": "0.343", "side": "sell", "tradeId": "1159193015915610116"}, {"ts": "1712099070908", "price": "65758.9", "size": "0.277", "side": "sell", "tradeId": "1159193009506713601"}, {"ts": "1712099068367", "price": "65758.9", "size": "0.453", "side": "sell", "tradeId": "1159192998848987137"}, {"ts": "1712099067347", "price": "65759.4", "size": "0.211", "side": "buy", "tradeId": "1159192994570797096"}, {"ts": "1712099061292", "price": "65761.5", "size": "0.270", "side": "sell", "tradeId": "1159192969174286377"}, {"ts": "1712099057244", "price": "65750.3", "size": "0.316", "side": "buy", "tradeId": "1159192952195743745"}, {"ts": "1712099054704", "price": "65750.3", "size": "0.370", "side": "buy", "tradeId": "1159192941542211608"}, {"ts": "1712099053678", "price": "65749.8", "size": "0.307", "side": "sell", "tradeId": "1159192937238855681"}, {"ts": "1712099049130", "price": "65749.8", "size": "0.284", "side": "sell", "tradeId": "1159192918163161089"}, {"ts": "1712099047604", "price": "65749.8", "size": "0.186", "side": "sell", "tradeId": "1159192911762653186"}, {"ts": "1712099038017", "price": "65761.5", "size": "0.325", "side": "buy", "tradeId": "1159192871551860737"}, {"ts": "1712099035987", "price": "65761.5", "size": "0.431", "side": "buy", "tradeId": "1159192863037423616"}, {"ts": "1712099034965", "price": "65761.0", "size": "0.328", "side": "sell", "tradeId": "1159192858750844931"}, {"ts": "1712099025388", "price": "65761.0", "size": "0.415", "side": "sell", "tradeId": "1159192818581995581"}, {"ts": "1712099015303", "price": "65761.5", "size": "0.218", "side": "buy", "tradeId": "1159192776282439692"}, {"ts": "1712099007732", "price": "65761.0", "size": "0.247", "side": "sell", "tradeId": "1159192744527364097"}, {"ts": "1712099003124", "price": "65764.8", "size": "1.082", "side": "buy", "tradeId": "1159192725200011265"}, {"ts": "1712098999164", "price": "65768.4", "size": "0.531", "side": "sell", "tradeId": "1159192708590567581"}, {"ts": "1712098993689", "price": "65771.4", "size": "0.002", "side": "buy", "tradeId": "1159192685626753025"}, {"ts": "1712098993620", "price": "65771.4", "size": "0.380", "side": "buy", "tradeId": "1159192685337346049"}, {"ts": "1712098992625", "price": "65770.9", "size": "0.002", "side": "sell", "tradeId": "1159192681164013569"}, {"ts": "1712098990579", "price": "65772.8", "size": "0.428", "side": "buy", "tradeId": "1159192672582467586"}, {"ts": "1712098981011", "price": "65787.3", "size": "0.435", "side": "buy", "tradeId": "1159192632451366914"}, {"ts": "1712098971949", "price": "65791.3", "size": "0.397", "side": "buy", "tradeId": "1159192594442584065"}, {"ts": "1712098962382", "price": "65774.0", "size": "0.239", "side": "sell", "tradeId": "1159192554315677750"}, {"ts": "1712098960859", "price": "65780.1", "size": "0.220", "side": "sell", "tradeId": "1159192547927752749"}, {"ts": "1712098952284", "price": "65781.2", "size": "0.533", "side": "buy", "tradeId": "1159192511961595905"}, {"ts": "1712098950239", "price": "65780.7", "size": "0.273", "side": "sell", "tradeId": "1159192503384244225"}, {"ts": "1712098948047", "price": "65781.2", "size": "0.009", "side": "buy", "tradeId": "1159192494190329908"}, {"ts": "1712098947706", "price": "65780.7", "size": "0.660", "side": "sell", "tradeId": "1159192492760072195"}, {"ts": "1712098938634", "price": "65781.2", "size": "0.567", "side": "buy", "tradeId": "1159192454709346341"}, {"ts": "1712098929769", "price": "65778.1", "size": "0.014", "side": "buy", "tradeId": "1159192417526841445"}, {"ts": "1712098929062", "price": "65777.6", "size": "0.668", "side": "sell", "tradeId": "1159192414561468460"}, {"ts": "1712098923509", "price": "65772.4", "size": "0.454", "side": "sell", "tradeId": "1159192391270498306"}, {"ts": "1712098915945", "price": "65770.8", "size": "0.365", "side": "sell", "tradeId": "1159192359544782965"}, {"ts": "1712098912404", "price": "65770.8", "size": "0.510", "side": "sell", "tradeId": "1159192344692752385"}, {"ts": "1712098904349", "price": "65771.3", "size": "0.748", "side": "buy", "tradeId": "1159192310907633665"}, {"ts": "1712098904199", "price": "65771.3", "size": "0.002", "side": "buy", "tradeId": "1159192310278488187"}, {"ts": "1712098896281", "price": "65766.8", "size": "0.788", "side": "sell", "tradeId": "1159192277067989007"}, {"ts": "1712098887717", "price": "65765.1", "size": "0.352", "side": "sell", "tradeId": "1159192241147969537"}, {"ts": "1712098878641", "price": "65747.3", "size": "0.220", "side": "buy", "tradeId": "1159192203080466433"}, {"ts": "1712098876610", "price": "65750.7", "size": "0.340", "side": "sell", "tradeId": "1159192194561835159"}, {"ts": "1712098872562", "price": "65739.4", "size": "0.268", "side": "buy", "tradeId": "1159192177583292454"}, {"ts": "1712098871538", "price": "65738.9", "size": "0.322", "side": "sell", "tradeId": "1159192173288325184"}, {"ts": "1712098870888", "price": "65738.9", "size": "0.012", "side": "sell", "tradeId": "1159192170562027526"}, {"ts": "1712098870270", "price": "65738.9", "size": "0.010", "side": "sell", "tradeId": "1159192167969947650"}, {"ts": "1712098864349", "price": "65748.0", "size": "0.001", "side": "sell", "tradeId": "1159192143135473749"}, {"ts": "1712098861559", "price": "65750.9", "size": "0.010", "side": "sell", "tradeId": "1159192131433365505"}, {"ts": "1712098861467", "price": "65750.9", "size": "0.252", "side": "sell", "tradeId": "1159192131047489537"}, {"ts": "1712098859940", "price": "65762.9", "size": "0.158", "side": "buy", "tradeId": "1159192124642787329"}, {"ts": "1712098856903", "price": "65769.4", "size": "0.180", "side": "buy", "tradeId": "1159192111904686081"}, {"ts": "1712098851365", "price": "65778.9", "size": "0.228", "side": "sell", "tradeId": "1159192088676630530"}, {"ts": "1712098844808", "price": "65779.4", "size": "0.216", "side": "buy", "tradeId": "1159192061174579248"}, {"ts": "1712098839743", "price": "65778.9", "size": "0.347", "side": "sell", "tradeId": "1159192039930429441"}, {"ts": "1712098837210", "price": "65779.4", "size": "0.136", "side": "buy", "tradeId": "1159192029306257409"}, {"ts": "1712098827638", "price": "65783.2", "size": "0.099", "side": "buy", "tradeId": "1159191989158379597"}, {"ts": "1712098821266", "price": "65801.1", "size": "0.009", "side": "sell", "tradeId": "1159191962432274504"}, {"ts": "1712098821266", "price": "65801.1", "size": "0.163", "side": "sell", "tradeId": "1159191962432274501"}, {"ts": "1712098819579", "price": "65803.4", "size": "0.174", "side": "buy", "tradeId": "1159191955356483607"}, {"ts": "1712098814514", "price": "65802.9", "size": "0.133", "side": "sell", "tradeId": "1159191934112333832"}, {"ts": "1712098811478", "price": "65814.8", "size": "0.133", "side": "sell", "tradeId": "1159191921378426883"}, {"ts": "1712098804925", "price": "65814.8", "size": "0.084", "side": "sell", "tradeId": "1159191893893152769"}, {"ts": "1712098799982", "price": "65801.2", "size": "0.002", "side": "sell", "tradeId": "1159191873160708174"}, {"ts": "1712098797201", "price": "65801.1", "size": "0.078", "side": "buy", "tradeId": "1159191861496348673"}, {"ts": "1712098795353", "price": "65801.1", "size": "0.130", "side": "buy", "tradeId": "1159191853745275007"}, {"ts": "1712098787849", "price": "65801.1", "size": "0.001", "side": "buy", "tradeId": "1159191822271217665"}, {"ts": "1712098786784", "price": "65800.6", "size": "0.114", "side": "sell", "tradeId": "1159191817804283905"}, {"ts": "1712098777208", "price": "65782.8", "size": "0.073", "side": "sell", "tradeId": "1159191777639628801"}, {"ts": "1712098776486", "price": "65783.3", "size": "0.010", "side": "buy", "tradeId": "1159191774611341313"}, {"ts": "1712098772971", "price": "65770.8", "size": "0.005", "side": "sell", "tradeId": "1159191759868362754"}, {"ts": "1712098767619", "price": "65771.3", "size": "0.290", "side": "buy", "tradeId": "1159191737420447746"}, {"ts": "1712098764083", "price": "65771.3", "size": "0.208", "side": "buy", "tradeId": "1159191722589388851"}, {"ts": "1712098757638", "price": "65770.8", "size": "0.050", "side": "sell", "tradeId": "1159191695557099522"}, {"ts": "1712098754509", "price": "65771.3", "size": "0.282", "side": "buy", "tradeId": "1159191682433122306"}, {"ts": "1712098747448", "price": "65771.3", "size": "0.345", "side": "buy", "tradeId": "1159191652817141840"}, {"ts": "1712098745418", "price": "65771.3", "size": "0.410", "side": "buy", "tradeId": "1159191644302704641"}, {"ts": "1712098742883", "price": "65775.2", "size": "0.309", "side": "buy", "tradeId": "1159191633670144001"}, {"ts": "1712098733813", "price": "65774.7", "size": "0.373", "side": "sell", "tradeId": "1159191595627806721"}, {"ts": "1712098730263", "price": "65770.8", "size": "0.258", "side": "sell", "tradeId": "1159191580738027567"}, {"ts": "1712098728739", "price": "65771.3", "size": "0.419", "side": "buy", "tradeId": "1159191574345908225"}, {"ts": "1712098727210", "price": "65771.3", "size": "0.383", "side": "buy", "tradeId": "1159191567932817506"}, {"ts": "1712098723640", "price": "65771.4", "size": "0.192", "side": "buy", "tradeId": "1159191552959152200"}, {"ts": "1712098723640", "price": "65771.3", "size": "0.166", "side": "buy", "tradeId": "1159191552959152198"}, {"ts": "1712098718642", "price": "65768.3", "size": "0.203", "side": "sell", "tradeId": "1159191531996020737"}, {"ts": "1712098709083", "price": "65774.8", "size": "0.344", "side": "sell", "tradeId": "1159191491902668801"}, {"ts": "1712098707550", "price": "65775.3", "size": "0.248", "side": "buy", "tradeId": "1159191485472800769"}, {"ts": "1712098697465", "price": "65759.0", "size": "0.364", "side": "buy", "tradeId": "1159191443173245053"}, {"ts": "1712098690396", "price": "65770.9", "size": "0.302", "side": "sell", "tradeId": "1159191413523709953"}, {"ts": "1712098687318", "price": "65775.4", "size": "0.010", "side": "buy", "tradeId": "1159191400613642241"}, {"ts": "1712098686857", "price": "65774.9", "size": "0.218", "side": "sell", "tradeId": "1159191398680068098"}, {"ts": "1712098684469", "price": "65775.4", "size": "0.002", "side": "buy", "tradeId": "1159191388664070287"}, {"ts": "1712098682299", "price": "65787.3", "size": "0.358", "side": "buy", "tradeId": "1159191379562430465"}, {"ts": "1712098677254", "price": "65787.3", "size": "0.340", "side": "buy", "tradeId": "1159191358402166786"}, {"ts": "1712098670704", "price": "65786.8", "size": "0.359", "side": "buy", "tradeId": "1159191330929475585"}, {"ts": "1712098666681", "price": "65784.6", "size": "0.001", "side": "buy", "tradeId": "1159191314055790612"}, {"ts": "1712098662142", "price": "65811.4", "size": "0.254", "side": "buy", "tradeId": "1159191295017844737"}, {"ts": "1712098659607", "price": "65810.9", "size": "0.366", "side": "sell", "tradeId": "1159191284385284174"}, {"ts": "1712098658085", "price": "65813.5", "size": "0.236", "side": "buy", "tradeId": "1159191278001553434"}, {"ts": "1712098655554", "price": "65813.0", "size": "0.301", "side": "sell", "tradeId": "1159191267385769987"}, {"ts": "1712098654407", "price": "65813.0", "size": "0.001", "side": "sell", "tradeId": "1159191262574903414"}, {"ts": "1712098653026", "price": "65813.0", "size": "0.218", "side": "sell", "tradeId": "1159191256782569473"}, {"ts": "1712098647483", "price": "65813.0", "size": "0.281", "side": "sell", "tradeId": "1159191233533542459"}, {"ts": "1712098642423", "price": "65817.3", "size": "0.215", "side": "buy", "tradeId": "1159191212310364161"}, {"ts": "1712098632849", "price": "65827.4", "size": "0.363", "side": "buy", "tradeId": "1159191172154097665"}, {"ts": "1712098624284", "price": "65847.2", "size": "0.408", "side": "buy", "tradeId": "1159191136229883905"}, {"ts": "1712098617227", "price": "65843.7", "size": "0.363", "side": "buy", "tradeId": "1159191106630680650"}, {"ts": "1712098611678", "price": "65843.2", "size": "0.213", "side": "sell", "tradeId": "1159191083356487681"}, {"ts": "1712098606127", "price": "65843.7", "size": "0.239", "side": "buy", "tradeId": "1159191060073906177"}, {"ts": "1712098599562", "price": "65858.9", "size": "0.349", "side": "sell", "tradeId": "1159191032538300442"}, {"ts": "1712098595013", "price": "65858.9", "size": "0.275", "side": "sell", "tradeId": "1159191013458411522"}, {"ts": "1712098587442", "price": "65858.9", "size": "0.411", "side": "sell", "tradeId": "1159190981703335937"}, {"ts": "1712098580383", "price": "65862.1", "size": "0.269", "side": "sell", "tradeId": "1159190952095744095"}, {"ts": "1712098576501", "price": "65863.1", "size": "0.012", "side": "buy", "tradeId": "1159190935813455872"}, {"ts": "1712098570819", "price": "65862.6", "size": "0.397", "side": "sell", "tradeId": "1159190911981420646"}, {"ts": "1712098564389", "price": "65855.4", "size": "0.002", "side": "buy", "tradeId": "1159190885012045825"}, {"ts": "1712098563309", "price": "65854.9", "size": "0.002", "side": "sell", "tradeId": "1159190880482197541"}, {"ts": "1712098561252", "price": "65855.4", "size": "0.393", "side": "buy", "tradeId": "1159190871854514177"}, {"ts": "1712098557408", "price": "65855.6", "size": "0.024", "side": "sell", "tradeId": "1159190855731609646"}, {"ts": "1712098551685", "price": "65855.6", "size": "0.321", "side": "sell", "tradeId": "1159190831727607810"}, {"ts": "1712098548642", "price": "65855.6", "size": "0.215", "side": "sell", "tradeId": "1159190818964340737"}, {"ts": "1712098547113", "price": "65856.1", "size": "0.427", "side": "buy", "tradeId": "1159190812551249921"}, {"ts": "1712098545084", "price": "65856.1", "size": "0.174", "side": "buy", "tradeId": "1159190804041007105"}, {"ts": "1712098542749", "price": "65850.0", "size": "0.073", "side": "buy", "tradeId": "1159190794247307276"}, {"ts": "1712098542047", "price": "65847.4", "size": "0.237", "side": "buy", "tradeId": "1159190791302905896"}, {"ts": "1712098535999", "price": "65851.4", "size": "0.435", "side": "buy", "tradeId": "1159190765935755265"}, {"ts": "1712098527435", "price": "65863.8", "size": "0.367", "side": "buy", "tradeId": "1159190730015735811"}, {"ts": "1712098521889", "price": "65863.3", "size": "0.377", "side": "sell", "tradeId": "1159190706754125825"}, {"ts": "1712098515340", "price": "65875.2", "size": "0.197", "side": "buy", "tradeId": "1159190679285628929"}, {"ts": "1712098511303", "price": "65869.4", "size": "0.423", "side": "buy", "tradeId": "1159190662353223828"}, {"ts": "1712098505869", "price": "65864.1", "size": "0.252", "side": "sell", "tradeId": "1159190639561375744"}, {"ts": "1712098505754", "price": "65864.4", "size": "0.251", "side": "sell", "tradeId": "1159190639079030785"}, {"ts": "1712098499182", "price": "65864.2", "size": "0.263", "side": "sell", "tradeId": "1159190611514064897"}, {"ts": "1712098498160", "price": "65868.7", "size": "0.315", "side": "buy", "tradeId": "1159190607227486209"}, {"ts": "1712098497140", "price": "65868.2", "size": "0.300", "side": "sell", "tradeId": "1159190602949296129"}, {"ts": "1712098493107", "price": "65875.3", "size": "0.405", "side": "buy", "tradeId": "1159190586033668152"}, {"ts": "1712098487559", "price": "65879.0", "size": "0.397", "side": "buy", "tradeId": "1159190562763669505"}, {"ts": "1712098478491", "price": "65879.0", "size": "0.310", "side": "buy", "tradeId": "1159190524729720853"}, {"ts": "1712098474711", "price": "65886.6", "size": "0.098", "side": "sell", "tradeId": "1159190508875251855"}, {"ts": "1712098472928", "price": "65887.1", "size": "0.420", "side": "buy", "tradeId": "1159190501396807681"}, {"ts": "1712098467382", "price": "65887.1", "size": "0.300", "side": "buy", "tradeId": "1159190478135197850"}, {"ts": "1712098458817", "price": "65887.1", "size": "0.216", "side": "buy", "tradeId": "1159190442210983937"}, {"ts": "1712098455173", "price": "65887.2", "size": "0.040", "side": "buy", "tradeId": "1159190426926940199"}, {"ts": "1712098455173", "price": "65887.1", "size": "0.098", "side": "buy", "tradeId": "1159190426926940197"}, {"ts": "1712098452261", "price": "65886.6", "size": "0.178", "side": "sell", "tradeId": "1159190414713126962"}, {"ts": "1712098449724", "price": "65879.6", "size": "0.220", "side": "buy", "tradeId": "1159190404072177665"}, {"ts": "1712098444781", "price": "65879.0", "size": "0.057", "side": "sell", "tradeId": "1159190383339732993"}, {"ts": "1712098441659", "price": "65879.5", "size": "0.169", "side": "buy", "tradeId": "1159190370245115990"}, {"ts": "1712098438120", "price": "65875.3", "size": "0.424", "side": "buy", "tradeId": "1159190355401474049"}, {"ts": "1712098433542", "price": "65881.3", "size": "0.054", "side": "buy", "tradeId": "1159190336199950352"}, {"ts": "1712098433542", "price": "65880.7", "size": "0.061", "side": "buy", "tradeId": "1159190336199950350"}, {"ts": "1712098433542", "price": "65880.5", "size": "0.165", "side": "buy", "tradeId": "1159190336199950348"}, {"ts": "1712098433542", "price": "65880.0", "size": "0.978", "side": "buy", "tradeId": "1159190336199950346"}, {"ts": "1712098433542", "price": "65879.4", "size": "0.082", "side": "buy", "tradeId": "1159190336199950344"}, {"ts": "1712098433542", "price": "65879.2", "size": "0.163", "side": "buy", "tradeId": "1159190336199950342"}, {"ts": "1712098433542", "price": "65879.1", "size": "0.357", "side": "buy", "tradeId": "1159190336199950340"}, {"ts": "1712098433542", "price": "65879.0", "size": "0.085", "side": "buy", "tradeId": "1159190336199950337"}, {"ts": "1712098428052", "price": "65864.1", "size": "0.210", "side": "sell", "tradeId": "1159190313173221378"}, {"ts": "1712098418475", "price": "65886.8", "size": "0.371", "side": "sell", "tradeId": "1159190273004371969"}, {"ts": "1712098415436", "price": "65887.8", "size": "0.315", "side": "buy", "tradeId": "1159190260257882114"}, {"ts": "1712098407360", "price": "65891.2", "size": "0.105", "side": "buy", "tradeId": "1159190226384683010"}, {"ts": "1712098406770", "price": "65890.7", "size": "0.358", "side": "sell", "tradeId": "1159190223910043713"}, {"ts": "1712098403314", "price": "65890.9", "size": "0.120", "side": "buy", "tradeId": "1159190209414529025"}, {"ts": "1712098395245", "price": "65886.7", "size": "0.106", "side": "sell", "tradeId": "1159190175570690049"}, {"ts": "1712098390699", "price": "65887.2", "size": "0.060", "side": "buy", "tradeId": "1159190156503384065"}, {"ts": "1712098384641", "price": "65878.8", "size": "0.118", "side": "sell", "tradeId": "1159190131094290433"}, {"ts": "1712098377089", "price": "65878.8", "size": "0.091", "side": "sell", "tradeId": "1159190099418906625"}, {"ts": "1712098374057", "price": "65878.8", "size": "0.055", "side": "sell", "tradeId": "1159190086701776897"}, {"ts": "1712098366994", "price": "65883.8", "size": "0.121", "side": "buy", "tradeId": "1159190057077407745"}, {"ts": "1712098366389", "price": "65883.8", "size": "0.001", "side": "buy", "tradeId": "1159190054539853956"}, {"ts": "1712098365042", "price": "65883.8", "size": "0.001", "side": "buy", "tradeId": "1159190048890126413"}, {"ts": "1712098364966", "price": "65883.8", "size": "0.060", "side": "buy", "tradeId": "1159190048571359268"}, {"ts": "1712098358805", "price": "65883.3", "size": "0.058", "side": "sell", "tradeId": "1159190022730252299"}, {"ts": "1712098357406", "price": "65887.3", "size": "0.083", "side": "buy", "tradeId": "1159190016862420994"}, {"ts": "1712098354109", "price": "65886.8", "size": "0.001", "side": "sell", "tradeId": "1159190003033800731"}, {"ts": "1712098353353", "price": "65886.8", "size": "0.106", "side": "sell", "tradeId": "1159189999862906881"}, {"ts": "1712098347295", "price": "65898.8", "size": "0.608", "side": "sell", "tradeId": "1159189974453813251"}, {"ts": "1712098342752", "price": "65931.3", "size": "0.623", "side": "buy", "tradeId": "1159189955399090177"}, {"ts": "1712098334191", "price": "65874.8", "size": "0.527", "side": "sell", "tradeId": "1159189919491653634"}, {"ts": "1712098331211", "price": "65890.5", "size": "0.010", "side": "buy", "tradeId": "1159189906992627713"}, {"ts": "1712098327303", "price": "65880.7", "size": "0.243", "side": "sell", "tradeId": "1159189890601287682"}, {"ts": "1712098325619", "price": "65882.8", "size": "0.536", "side": "sell", "tradeId": "1159189883538079824"}, {"ts": "1712098320567", "price": "65890.8", "size": "0.531", "side": "sell", "tradeId": "1159189862348455958"}, {"ts": "1712098315306", "price": "65913.7", "size": "0.015", "side": "buy", "tradeId": "1159189840282222595"}, {"ts": "1712098315306", "price": "65912.6", "size": "0.040", "side": "buy", "tradeId": "1159189840282222593"}, {"ts": "1712098315299", "price": "65912.6", "size": "0.063", "side": "buy", "tradeId": "1159189840252862473"}, {"ts": "1712098315299", "price": "65911.6", "size": "0.080", "side": "buy", "tradeId": "1159189840252862471"}, {"ts": "1712098315299", "price": "65911.4", "size": "0.093", "side": "buy", "tradeId": "1159189840252862469"}, {"ts": "1712098315299", "price": "65911.2", "size": "0.163", "side": "buy", "tradeId": "1159189840252862467"}, {"ts": "1712098315299", "price": "65911.1", "size": "0.101", "side": "buy", "tradeId": "1159189840252862465"}, {"ts": "1712098315227", "price": "65911.1", "size": "0.013", "side": "buy", "tradeId": "1159189839950872577"}, {"ts": "1712098311998", "price": "65850.7", "size": "0.415", "side": "sell", "tradeId": "1159189826407464961"}, {"ts": "1712098310468", "price": "65846.8", "size": "0.452", "side": "sell", "tradeId": "1159189819990179860"}, {"ts": "1712098303410", "price": "65841.6", "size": "0.526", "side": "sell", "tradeId": "1159189790386782208"}, {"ts": "1712098295350", "price": "65822.8", "size": "0.571", "side": "sell", "tradeId": "1159189756580691969"}, {"ts": "1712098287288", "price": "65790.6", "size": "0.417", "side": "sell", "tradeId": "1159189722766213203"}, {"ts": "1712098284753", "price": "65790.6", "size": "0.554", "side": "sell", "tradeId": "1159189712133652512"}, {"ts": "1712098275171", "price": "65803.2", "size": "0.293", "side": "buy", "tradeId": "1159189671943831553"}, {"ts": "1712098270114", "price": "65807.4", "size": "0.285", "side": "buy", "tradeId": "1159189650733236242"}, {"ts": "1712098268080", "price": "65811.4", "size": "0.550", "side": "buy", "tradeId": "1159189642202021889"}, {"ts": "1712098264286", "price": "65813.2", "size": "0.002", "side": "buy", "tradeId": "1159189626288832551"}, {"ts": "1712098263199", "price": "65812.7", "size": "0.002", "side": "sell", "tradeId": "1159189621729624065"}, {"ts": "1712098262017", "price": "65812.7", "size": "0.508", "side": "sell", "tradeId": "1159189616771956737"}, {"ts": "1712098256471", "price": "65814.7", "size": "0.275", "side": "sell", "tradeId": "1159189593510346753"}, {"ts": "1712098253937", "price": "65816.4", "size": "0.335", "side": "buy", "tradeId": "1159189582881980540"}, {"ts": "1712098250903", "price": "65833.6", "size": "0.275", "side": "buy", "tradeId": "1159189570156462081"}, {"ts": "1712098245851", "price": "65837.4", "size": "0.563", "side": "sell", "tradeId": "1159189548966838280"}, {"ts": "1712098236289", "price": "65837.9", "size": "0.317", "side": "buy", "tradeId": "1159189508860903468"}, {"ts": "1712098230237", "price": "65837.9", "size": "0.426", "side": "buy", "tradeId": "1159189483476975617"}, {"ts": "1712098227697", "price": "65837.4", "size": "0.412", "side": "sell", "tradeId": "1159189472823443457"}, {"ts": "1712098220637", "price": "65850.2", "size": "0.250", "side": "sell", "tradeId": "1159189443211657217"}, {"ts": "1712098213154", "price": "65850.2", "size": "0.040", "side": "sell", "tradeId": "1159189411825680386"}, {"ts": "1712098213081", "price": "65850.7", "size": "0.434", "side": "buy", "tradeId": "1159189411519496193"}, {"ts": "1712098206518", "price": "65837.4", "size": "0.280", "side": "sell", "tradeId": "1159189383992279041"}, {"ts": "1712098197957", "price": "65837.4", "size": "0.512", "side": "sell", "tradeId": "1159189348084842687"}, {"ts": "1712098189892", "price": "65839.4", "size": "0.334", "side": "buy", "tradeId": "1159189314257780737"}, {"ts": "1712098188365", "price": "65838.9", "size": "0.366", "side": "sell", "tradeId": "1159189307853078529"}, {"ts": "1712098186820", "price": "65839.4", "size": "0.001", "side": "buy", "tradeId": "1159189301372878849"}, {"ts": "1712098184333", "price": "65838.9", "size": "0.335", "side": "sell", "tradeId": "1159189290941644911"}, {"ts": "1712098176774", "price": "65823.3", "size": "0.307", "side": "buy", "tradeId": "1159189259236900865"}, {"ts": "1712098167706", "price": "65822.7", "size": "0.484", "side": "sell", "tradeId": "1159189221202952193"}, {"ts": "1712098158138", "price": "65815.2", "size": "0.310", "side": "sell", "tradeId": "1159189181071851547"}, {"ts": "1712098150081", "price": "65812.8", "size": "0.196", "side": "buy", "tradeId": "1159189147278344194"}, {"ts": "1712098142516", "price": "65823.9", "size": "0.513", "side": "sell", "tradeId": "1159189115548434433"}, {"ts": "1712098140984", "price": "65826.1", "size": "0.347", "side": "sell", "tradeId": "1159189109122760706"}, {"ts": "1712098132918", "price": "65837.8", "size": "0.428", "side": "buy", "tradeId": "1159189075291504706"}, {"ts": "1712098127877", "price": "65837.8", "size": "0.311", "side": "buy", "tradeId": "1159189054148018176"}, {"ts": "1712098118311", "price": "65849.7", "size": "0.277", "side": "sell", "tradeId": "1159189014025306219"}, {"ts": "1712098116784", "price": "65831.3", "size": "0.421", "side": "buy", "tradeId": "1159189007620603905"}, {"ts": "1712098107957", "price": "65816.0", "size": "0.001", "side": "buy", "tradeId": "1159188970597482498"}, {"ts": "1712098107691", "price": "65815.5", "size": "0.414", "side": "sell", "tradeId": "1159188969481797633"}, {"ts": "1712098102141", "price": "65816.0", "size": "0.206", "side": "buy", "tradeId": "1159188946203410433"}, {"ts": "1712098099868", "price": "65816.0", "size": "0.069", "side": "buy", "tradeId": "1159188936669757441"}, {"ts": "1712098097085", "price": "65816.0", "size": "0.445", "side": "buy", "tradeId": "1159188924997009409"}, {"ts": "1712098095664", "price": "65822.9", "size": "0.001", "side": "sell", "tradeId": "1159188919036903531"}, {"ts": "1712098095554", "price": "65822.9", "size": "0.334", "side": "sell", "tradeId": "1159188918575529989"}, {"ts": "1712098091510", "price": "65830.0", "size": "0.282", "side": "sell", "tradeId": "1159188901613764716"}, {"ts": "1712098089231", "price": "65800.0", "size": "0.002", "side": "buy", "tradeId": "1159188892054945793"}, {"ts": "1712098085962", "price": "65784.5", "size": "0.374", "side": "sell", "tradeId": "1159188878343766017"}, {"ts": "1712098080916", "price": "65775.0", "size": "0.242", "side": "sell", "tradeId": "1159188857179308033"}, {"ts": "1712098078380", "price": "65774.9", "size": "0.392", "side": "sell", "tradeId": "1159188846542553089"}, {"ts": "1712098070319", "price": "65777.2", "size": "0.281", "side": "buy", "tradeId": "1159188812732268545"}, {"ts": "1712098063256", "price": "65776.7", "size": "0.341", "side": "sell", "tradeId": "1159188783107899436"}, {"ts": "1712098059719", "price": "65770.8", "size": "0.287", "side": "sell", "tradeId": "1159188768272646145"}, {"ts": "1712098054167", "price": "65748.5", "size": "0.422", "side": "buy", "tradeId": "1159188744985870337"}, {"ts": "1712098052133", "price": "65748.0", "size": "0.404", "side": "sell", "tradeId": "1159188736454656001"}, {"ts": "1712098047590", "price": "65748.0", "size": "0.584", "side": "sell", "tradeId": "1159188717399932929"}, {"ts": "1712098039022", "price": "65748.0", "size": "0.536", "side": "sell", "tradeId": "1159188681463136257"}, {"ts": "1712098032965", "price": "65743.7", "size": "0.292", "side": "sell", "tradeId": "1159188656058236975"}, {"ts": "1712098029424", "price": "65744.2", "size": "0.594", "side": "buy", "tradeId": "1159188641206206546"}, {"ts": "1712098024874", "price": "65747.4", "size": "0.601", "side": "buy", "tradeId": "1159188622122123409"}, {"ts": "1712098021844", "price": "65751.2", "size": "0.528", "side": "buy", "tradeId": "1159188609413382145"}, {"ts": "1712098014794", "price": "65743.3", "size": "0.290", "side": "buy", "tradeId": "1159188579843538979"}, {"ts": "1712098007231", "price": "65740.2", "size": "0.356", "side": "sell", "tradeId": "1159188548122017828"}, {"ts": "1712098005692", "price": "65749.0", "size": "0.002", "side": "buy", "tradeId": "1159188541666983937"}, {"ts": "1712098004688", "price": "65748.5", "size": "0.542", "side": "sell", "tradeId": "1159188537455902721"}, {"ts": "1712098004610", "price": "65748.5", "size": "0.002", "side": "sell", "tradeId": "1159188537128747055"}, {"ts": "1712097996635", "price": "65748.8", "size": "0.254", "side": "sell", "tradeId": "1159188503679172609"}, {"ts": "1712097989065", "price": "65748.8", "size": "0.296", "side": "sell", "tradeId": "1159188471928291362"}, {"ts": "1712097987544", "price": "65748.8", "size": "0.468", "side": "sell", "tradeId": "1159188465548755007"}, {"ts": "1712097977473", "price": "65763.1", "size": "0.545", "side": "buy", "tradeId": "1159188423307919400"}, {"ts": "1712097971419", "price": "65772.8", "size": "0.535", "side": "sell", "tradeId": "1159188397915602945"}, {"ts": "1712097966880", "price": "65772.8", "size": "0.554", "side": "sell", "tradeId": "1159188378877657089"}, {"ts": "1712097960325", "price": "65770.9", "size": "0.212", "side": "sell", "tradeId": "1159188351383994369"}, {"ts": "1712097957793", "price": "65771.4", "size": "0.385", "side": "buy", "tradeId": "1159188340764016641"}, {"ts": "1712097951248", "price": "65778.7", "size": "0.423", "side": "sell", "tradeId": "1159188313312296961"}, {"ts": "1712097944685", "price": "65781.5", "size": "0.449", "side": "buy", "tradeId": "1159188285785079809"}, {"ts": "1712097941147", "price": "65781.0", "size": "0.382", "side": "sell", "tradeId": "1159188270945632257"}, {"ts": "1712097939617", "price": "65781.0", "size": "0.555", "side": "sell", "tradeId": "1159188264528347137"}, {"ts": "1712097931551", "price": "65785.0", "size": "0.592", "side": "sell", "tradeId": "1159188230697091073"}, {"ts": "1712097927504", "price": "65785.5", "size": "0.118", "side": "buy", "tradeId": "1159188213722742786"}, {"ts": "1712097922958", "price": "65780.7", "size": "0.131", "side": "buy", "tradeId": "1159188194655436917"}, {"ts": "1712097916395", "price": "65780.3", "size": "0.141", "side": "sell", "tradeId": "1159188167128219694"}, {"ts": "1712097907317", "price": "65782.0", "size": "0.143", "side": "buy", "tradeId": "1159188129052327946"}, {"ts": "1712097900759", "price": "65779.6", "size": "0.129", "side": "buy", "tradeId": "1159188101546082305"}, {"ts": "1712097899724", "price": "65779.6", "size": "0.147", "side": "buy", "tradeId": "1159188097204977789"}, {"ts": "1712097895175", "price": "65779.6", "size": "0.161", "side": "buy", "tradeId": "1159188078125088784"}, {"ts": "1712097890626", "price": "65784.8", "size": "0.065", "side": "sell", "tradeId": "1159188059045199882"}, {"ts": "1712097887086", "price": "65787.3", "size": "0.132", "side": "buy", "tradeId": "1159188044197363713"}, {"ts": "1712097881524", "price": "65785.2", "size": "0.176", "side": "sell", "tradeId": "1159188020868644865"}, {"ts": "1712097878483", "price": "65785.7", "size": "0.103", "side": "buy", "tradeId": "1159188008113766421"}, {"ts": "1712097876449", "price": "65786.8", "size": "0.107", "side": "sell", "tradeId": "1159187999582552065"}, {"ts": "1712097867389", "price": "65784.8", "size": "0.208", "side": "sell", "tradeId": "1159187961582157825"}, {"ts": "1712097858322", "price": "65788.3", "size": "0.088", "side": "sell", "tradeId": "1159187923552403567"}, {"ts": "1712097853777", "price": "65788.8", "size": "0.137", "side": "buy", "tradeId": "1159187904489291777"}, {"ts": "1712097851241", "price": "65788.3", "size": "0.224", "side": "sell", "tradeId": "1159187893852536833"}, {"ts": "1712097844174", "price": "65788.3", "size": "0.155", "side": "sell", "tradeId": "1159187864211390465"}, {"ts": "1712097838616", "price": "65773.0", "size": "0.103", "side": "buy", "tradeId": "1159187840899448833"}, {"ts": "1712097836088", "price": "65772.5", "size": "0.104", "side": "sell", "tradeId": "1159187830296248322"}, {"ts": "1712097833048", "price": "65772.5", "size": "0.137", "side": "sell", "tradeId": "1159187817545564204"}, {"ts": "1712097826491", "price": "65736.7", "size": "0.146", "side": "sell", "tradeId": "1159187790043512833"}, {"ts": "1712097824464", "price": "65737.2", "size": "0.132", "side": "buy", "tradeId": "1159187781541658625"}, {"ts": "1712097822439", "price": "65736.7", "size": "0.213", "side": "sell", "tradeId": "1159187773048193026"}, {"ts": "1712097816894", "price": "65737.2", "size": "0.161", "side": "buy", "tradeId": "1159187749790777345"}, {"ts": "1712097811833", "price": "65722.7", "size": "0.213", "side": "sell", "tradeId": "1159187728563404801"}, {"ts": "1712097807295", "price": "65722.7", "size": "0.184", "side": "sell", "tradeId": "1159187709529653249"}, {"ts": "1712097805263", "price": "65714.8", "size": "0.257", "side": "sell", "tradeId": "1159187701006827521"}, {"ts": "1712097796190", "price": "65699.4", "size": "0.262", "side": "buy", "tradeId": "1159187662951907329"}, {"ts": "1712097794668", "price": "65698.9", "size": "0.180", "side": "sell", "tradeId": "1159187656568176641"}, {"ts": "1712097787606", "price": "65711.3", "size": "0.211", "side": "buy", "tradeId": "1159187626948001794"}, {"ts": "1712097784566", "price": "65711.3", "size": "0.315", "side": "buy", "tradeId": "1159187614197317633"}, {"ts": "1712097783039", "price": "65710.8", "size": "0.293", "side": "sell", "tradeId": "1159187607792615425"}, {"ts": "1712097779526", "price": "65710.8", "size": "0.001", "side": "sell", "tradeId": "1159187593058025473"}, {"ts": "1712097773968", "price": "65697.0", "size": "0.278", "side": "buy", "tradeId": "1159187569746083841"}, {"ts": "1712097767012", "price": "65697.0", "size": "0.001", "side": "buy", "tradeId": "1159187540570505217"}, {"ts": "1712097764873", "price": "65696.5", "size": "0.190", "side": "sell", "tradeId": "1159187531598888961"}, {"ts": "1712097761836", "price": "65696.5", "size": "0.230", "side": "sell", "tradeId": "1159187518860787713"}, {"ts": "1712097760309", "price": "65706.8", "size": "0.206", "side": "sell", "tradeId": "1159187512456085505"}, {"ts": "1712097755767", "price": "65702.6", "size": "0.334", "side": "buy", "tradeId": "1159187493405556790"}, {"ts": "1712097754739", "price": "65700.5", "size": "0.001", "side": "sell", "tradeId": "1159187489093812225"}, {"ts": "1712097754237", "price": "65701.0", "size": "0.366", "side": "buy", "tradeId": "1159187486988271662"}, {"ts": "1712097750696", "price": "65696.9", "size": "0.350", "side": "sell", "tradeId": "1159187472136241153"}, {"ts": "1712097748663", "price": "65696.9", "size": "0.186", "side": "sell", "tradeId": "1159187463609221121"}, {"ts": "1712097747643", "price": "65697.4", "size": "0.060", "side": "buy", "tradeId": "1159187459331031041"}, {"ts": "1712097738579", "price": "65691.3", "size": "0.077", "side": "buy", "tradeId": "1159187421313859585"}, {"ts": "1712097734031", "price": "65691.3", "size": "0.059", "side": "buy", "tradeId": "1159187402238165029"}, {"ts": "1712097725970", "price": "65691.3", "size": "0.090", "side": "buy", "tradeId": "1159187368427880450"}, {"ts": "1712097721404", "price": "65690.8", "size": "0.138", "side": "sell", "tradeId": "1159187349276688462"}, {"ts": "1712097717335", "price": "65690.8", "size": "0.134", "side": "sell", "tradeId": "1159187332210065409"}, {"ts": "1712097710274", "price": "65690.8", "size": "0.049", "side": "sell", "tradeId": "1159187302594084941"}, {"ts": "1712097706733", "price": "65690.8", "size": "0.048", "side": "sell", "tradeId": "1159187287742054401"}, {"ts": "1712097700674", "price": "65685.0", "size": "0.115", "side": "sell", "tradeId": "1159187262328766465"}, {"ts": "1712097695124", "price": "65685.5", "size": "0.078", "side": "buy", "tradeId": "1159187239050379265"}, {"ts": "1712097687563", "price": "65682.1", "size": "0.219", "side": "buy", "tradeId": "1159187207337246721"}, {"ts": "1712097681716", "price": "65683.6", "size": "0.021", "side": "buy", "tradeId": "1159187182813151233"}, {"ts": "1712097679494", "price": "65683.1", "size": "0.293", "side": "sell", "tradeId": "1159187173493407823"}, {"ts": "1712097673435", "price": "65697.5", "size": "0.275", "side": "buy", "tradeId": "1159187148080119810"}, {"ts": "1712097672873", "price": "65697.5", "size": "0.001", "side": "buy", "tradeId": "1159187145722920961"}, {"ts": "1712097667377", "price": "65706.6", "size": "0.312", "side": "sell", "tradeId": "1159187122671026177"}, {"ts": "1712097665051", "price": "65707.1", "size": "0.002", "side": "buy", "tradeId": "1159187112915075131"}, {"ts": "1712097664341", "price": "65699.3", "size": "0.217", "side": "buy", "tradeId": "1159187109937119252"}, {"ts": "1712097663996", "price": "65698.8", "size": "0.002", "side": "sell", "tradeId": "1159187108490084377"}, {"ts": "1712097660558", "price": "65698.8", "size": "0.001", "side": "sell", "tradeId": "1159187094070067201"}, {"ts": "1712097659294", "price": "65699.3", "size": "0.218", "side": "buy", "tradeId": "1159187088768466945"}, {"ts": "1712097653906", "price": "65697.5", "size": "0.243", "side": "buy", "tradeId": "1159187066169556994"}, {"ts": "1712097651223", "price": "65697.0", "size": "0.159", "side": "sell", "tradeId": "1159187054916239361"}, {"ts": "1712097644164", "price": "65697.0", "size": "0.224", "side": "sell", "tradeId": "1159187025308647549"}, {"ts": "1712097642633", "price": "65697.5", "size": "0.336", "side": "buy", "tradeId": "1159187018887168109"}, {"ts": "1712097640604", "price": "65697.1", "size": "0.317", "side": "sell", "tradeId": "1159187010376925186"}, {"ts": "1712097636561", "price": "65714.7", "size": "0.364", "side": "sell", "tradeId": "1159186993419354113"}, {"ts": "1712097627480", "price": "65714.7", "size": "0.541", "side": "sell", "tradeId": "1159186955330879627"}, {"ts": "1712097621935", "price": "65707.4", "size": "0.341", "side": "buy", "tradeId": "1159186932073463809"}, {"ts": "1712097617378", "price": "65715.1", "size": "0.256", "side": "sell", "tradeId": "1159186912960020535"}, {"ts": "1712097612327", "price": "65715.1", "size": "0.372", "side": "sell", "tradeId": "1159186891774590986"}, {"ts": "1712097610787", "price": "65715.6", "size": "0.448", "side": "buy", "tradeId": "1159186885315362817"}, {"ts": "1712097608755", "price": "65731.2", "size": "0.456", "side": "buy", "tradeId": "1159186876792537089"}, {"ts": "1712097604559", "price": "65716.8", "size": "0.027", "side": "buy", "tradeId": "1159186859193237514"}, {"ts": "1712097600684", "price": "65710.8", "size": "0.614", "side": "sell", "tradeId": "1159186842940309505"}, {"ts": "1712097593112", "price": "65696.8", "size": "0.272", "side": "buy", "tradeId": "1159186811181039652"}, {"ts": "1712097584530", "price": "65696.3", "size": "0.489", "side": "sell", "tradeId": "1159186775185522690"}, {"ts": "1712097580469", "price": "65696.8", "size": "0.619", "side": "buy", "tradeId": "1159186758152454145"}, {"ts": "1712097574397", "price": "65696.3", "size": "0.273", "side": "sell", "tradeId": "1159186732684640257"}, {"ts": "1712097568167", "price": "65696.8", "size": "0.002", "side": "buy", "tradeId": "1159186706554126336"}, {"ts": "1712097567301", "price": "65687.2", "size": "0.118", "side": "buy", "tradeId": "1159186702921859164"}, {"ts": "1712097567110", "price": "65686.7", "size": "0.002", "side": "sell", "tradeId": "1159186702120747009"}, {"ts": "1712097566265", "price": "65686.7", "size": "0.093", "side": "sell", "tradeId": "1159186698576560217"}, {"ts": "1712097556151", "price": "65687.2", "size": "0.091", "side": "buy", "tradeId": "1159186656155369525"}, {"ts": "1712097549051", "price": "65686.7", "size": "0.104", "side": "sell", "tradeId": "1159186626375811073"}, {"ts": "1712097548017", "price": "65687.2", "size": "0.053", "side": "buy", "tradeId": "1159186622038900737"}, {"ts": "1712097545972", "price": "65687.2", "size": "0.094", "side": "buy", "tradeId": "1159186613461549057"}, {"ts": "1712097540899", "price": "65687.2", "size": "0.100", "side": "buy", "tradeId": "1159186592183844865"}, {"ts": "1712097534319", "price": "65682.0", "size": "0.095", "side": "sell", "tradeId": "1159186564585324545"}, {"ts": "1712097527740", "price": "65682.5", "size": "0.064", "side": "buy", "tradeId": "1159186536990998529"}, {"ts": "1712097522663", "price": "65683.5", "size": "0.062", "side": "buy", "tradeId": "1159186515696517166"}, {"ts": "1712097513060", "price": "65683.0", "size": "0.088", "side": "sell", "tradeId": "1159186475418615849"}, {"ts": "1712097507496", "price": "65693.4", "size": "0.474", "side": "sell", "tradeId": "1159186452081508442"}, {"ts": "1712097500408", "price": "65684.6", "size": "0.636", "side": "sell", "tradeId": "1159186422352281601"}, {"ts": "1712097491307", "price": "65691.2", "size": "0.454", "side": "buy", "tradeId": "1159186384179920949"}, {"ts": "1712097488767", "price": "65686.7", "size": "0.614", "side": "sell", "tradeId": "1159186373526388739"}, {"ts": "1712097486933", "price": "65686.7", "size": "0.016", "side": "sell", "tradeId": "1159186365834035202"}, {"ts": "1712097485103", "price": "65686.7", "size": "0.060", "side": "sell", "tradeId": "1159186358158458881"}, {"ts": "1712097480674", "price": "65675.9", "size": "0.525", "side": "sell", "tradeId": "1159186339581886516"}, {"ts": "1712097474086", "price": "65683.0", "size": "0.307", "side": "sell", "tradeId": "1159186311949811793"}, {"ts": "1712097464976", "price": "65694.3", "size": "0.547", "side": "buy", "tradeId": "1159186273739702273"}, {"ts": "1712097457388", "price": "65677.0", "size": "0.319", "side": "buy", "tradeId": "1159186241913323521"}, {"ts": "1712097454335", "price": "65677.0", "size": "0.432", "side": "buy", "tradeId": "1159186229108113409"}, {"ts": "1712097447250", "price": "65677.0", "size": "0.542", "side": "buy", "tradeId": "1159186199391469621"}, {"ts": "1712097437642", "price": "65695.1", "size": "0.297", "side": "buy", "tradeId": "1159186159092596737"}, {"ts": "1712097429542", "price": "65694.6", "size": "0.348", "side": "sell", "tradeId": "1159186125118734411"}, {"ts": "1712097423467", "price": "65690.0", "size": "0.239", "side": "sell", "tradeId": "1159186099638337608"}, {"ts": "1712097420418", "price": "65690.5", "size": "0.389", "side": "buy", "tradeId": "1159186086849904641"}, {"ts": "1712097412830", "price": "65682.1", "size": "0.245", "side": "sell", "tradeId": "1159186055023525936"}, {"ts": "1712097408767", "price": "65686.7", "size": "0.606", "side": "sell", "tradeId": "1159186037982068737"}, {"ts": "1712097401679", "price": "65667.5", "size": "0.588", "side": "buy", "tradeId": "1159186008252842034"}, {"ts": "1712097395109", "price": "65679.7", "size": "0.232", "side": "sell", "tradeId": "1159185980696264747"}, {"ts": "1712097393063", "price": "65674.9", "size": "0.534", "side": "sell", "tradeId": "1159185972114718722"}, {"ts": "1712097391522", "price": "65691.4", "size": "0.418", "side": "buy", "tradeId": "1159185965651296313"}, {"ts": "1712097387457", "price": "65711.0", "size": "0.169", "side": "sell", "tradeId": "1159185948601450566"}, {"ts": "1712097378869", "price": "65740.8", "size": "0.179", "side": "sell", "tradeId": "1159185912580767745"}, {"ts": "1712097372797", "price": "65751.1", "size": "0.288", "side": "buy", "tradeId": "1159185887112953857"}, {"ts": "1712097370758", "price": "65751.1", "size": "0.259", "side": "buy", "tradeId": "1159185878560768001"}, {"ts": "1712097361150", "price": "65747.7", "size": "0.187", "side": "sell", "tradeId": "1159185838261895169"}, {"ts": "1712097356589", "price": "65737.0", "size": "0.253", "side": "sell", "tradeId": "1159185819131674625"}, {"ts": "1712097349503", "price": "65733.4", "size": "0.296", "side": "sell", "tradeId": "1159185789410836481"}, {"ts": "1712097346458", "price": "65733.4", "size": "0.184", "side": "sell", "tradeId": "1159185776639180802"}, {"ts": "1712097341382", "price": "65749.5", "size": "0.350", "side": "buy", "tradeId": "1159185755348893768"}, {"ts": "1712097335302", "price": "65762.4", "size": "0.384", "side": "sell", "tradeId": "1159185729847525377"}, {"ts": "1712097332761", "price": "65762.4", "size": "0.294", "side": "sell", "tradeId": "1159185719189799021"}, {"ts": "1712097327689", "price": "65762.4", "size": "0.136", "side": "sell", "tradeId": "1159185697916289092"}, {"ts": "1712097325652", "price": "65762.4", "size": "0.158", "side": "sell", "tradeId": "1159185689372491777"}, {"ts": "1712097317051", "price": "65753.4", "size": "0.188", "side": "buy", "tradeId": "1159185653297283074"}, {"ts": "1712097313494", "price": "65752.9", "size": "0.218", "side": "sell", "tradeId": "1159185638378143745"}, {"ts": "1712097309939", "price": "65741.2", "size": "0.144", "side": "buy", "tradeId": "1159185623467393025"}, {"ts": "1712097303860", "price": "65740.7", "size": "0.226", "side": "sell", "tradeId": "1159185597970219009"}, {"ts": "1712097301812", "price": "65741.2", "size": "0.208", "side": "buy", "tradeId": "1159185589380284417"}, {"ts": "1712097299251", "price": "65748.4", "size": "0.199", "side": "sell", "tradeId": "1159185578638671873"}, {"ts": "1712097290584", "price": "65769.7", "size": "0.001", "side": "buy", "tradeId": "1159185542286639105"}, {"ts": "1712097290152", "price": "65773.5", "size": "0.123", "side": "buy", "tradeId": "1159185540474699778"}, {"ts": "1712097285590", "price": "65782.2", "size": "0.194", "side": "sell", "tradeId": "1159185521340284997"}, {"ts": "1712097283043", "price": "65782.2", "size": "0.182", "side": "sell", "tradeId": "1159185510657392641"}, {"ts": "1712097282011", "price": "65782.2", "size": "0.185", "side": "sell", "tradeId": "1159185506328870913"}, {"ts": "1712097278452", "price": "65786.8", "size": "0.128", "side": "sell", "tradeId": "1159185491401342978"}, {"ts": "1712097278295", "price": "65786.8", "size": "0.001", "side": "sell", "tradeId": "1159185490742837249"}, {"ts": "1712097271876", "price": "65787.2", "size": "0.258", "side": "buy", "tradeId": "1159185463819599873"}, {"ts": "1712097267303", "price": "65787.2", "size": "0.337", "side": "buy", "tradeId": "1159185444639047836"}, {"ts": "1712097261224", "price": "65782.0", "size": "0.541", "side": "sell", "tradeId": "1159185419141873666"}, {"ts": "1712097254650", "price": "65786.0", "size": "0.618", "side": "sell", "tradeId": "1159185391568519199"}, {"ts": "1712097253114", "price": "65783.4", "size": "0.274", "side": "buy", "tradeId": "1159185385126068262"}, {"ts": "1712097244009", "price": "65782.9", "size": "0.383", "side": "sell", "tradeId": "1159185346936930305"}, {"ts": "1712097234407", "price": "65782.8", "size": "0.318", "side": "sell", "tradeId": "1159185306663223297"}, {"ts": "1712097226818", "price": "65777.3", "size": "0.508", "side": "sell", "tradeId": "1159185274832650261"}, {"ts": "1712097224777", "price": "65774.1", "size": "0.398", "side": "buy", "tradeId": "1159185266272075777"}, {"ts": "1712097221221", "price": "65774.1", "size": "0.252", "side": "buy", "tradeId": "1159185251357130753"}, {"ts": "1712097219178", "price": "65774.7", "size": "0.510", "side": "sell", "tradeId": "1159185242788167681"}, {"ts": "1712097212591", "price": "65775.4", "size": "0.533", "side": "buy", "tradeId": "1159185215160287233"}, {"ts": "1712097207519", "price": "65771.0", "size": "0.375", "side": "buy", "tradeId": "1159185193886777418"}, {"ts": "1712097203964", "price": "65767.6", "size": "0.482", "side": "buy", "tradeId": "1159185178976026693"}, {"ts": "1712097194860", "price": "65747.8", "size": "0.367", "side": "sell", "tradeId": "1159185140791083009"}, {"ts": "1712097191810", "price": "65748.3", "size": "0.290", "side": "buy", "tradeId": "1159185127998455809"}, {"ts": "1712097188528", "price": "65748.3", "size": "0.002", "side": "buy", "tradeId": "1159185114232750082"}, {"ts": "1712097187467", "price": "65747.8", "size": "0.002", "side": "sell", "tradeId": "1159185109782593536"}, {"ts": "1712097184719", "price": "65748.3", "size": "0.463", "side": "buy", "tradeId": "1159185098256646145"}, {"ts": "1712097176639", "price": "65748.3", "size": "0.386", "side": "buy", "tradeId": "1159185064366669825"}, {"ts": "1712097173081", "price": "65748.3", "size": "0.304", "side": "buy", "tradeId": "1159185049443336193"}, {"ts": "1712097164478", "price": "65747.8", "size": "0.493", "side": "sell", "tradeId": "1159185013359738881"}, {"ts": "1712097160926", "price": "65747.8", "size": "0.501", "side": "sell", "tradeId": "1159184998461571073"}, {"ts": "1712097156361", "price": "65748.3", "size": "0.458", "side": "buy", "tradeId": "1159184979314573340"}, {"ts": "1712097152809", "price": "65747.8", "size": "0.331", "side": "sell", "tradeId": "1159184964416405505"}, {"ts": "1712097147739", "price": "65738.9", "size": "0.114", "side": "sell", "tradeId": "1159184943151284225"}, {"ts": "1712097139145", "price": "65743.3", "size": "0.177", "side": "sell", "tradeId": "1159184907105435649"}, {"ts": "1712097137105", "price": "65743.3", "size": "0.099", "side": "sell", "tradeId": "1159184898549055490"}, {"ts": "1712097132038", "price": "65755.3", "size": "0.156", "side": "buy", "tradeId": "1159184877296517121"}, {"ts": "1712097122932", "price": "65750.8", "size": "0.163", "side": "sell", "tradeId": "1159184839103184909"}, {"ts": "1712097115324", "price": "65747.2", "size": "0.084", "side": "buy", "tradeId": "1159184807192920065"}, {"ts": "1712097110759", "price": "65746.7", "size": "0.106", "side": "sell", "tradeId": "1159184788045922305"}, {"ts": "1712097101654", "price": "65730.8", "size": "0.189", "side": "buy", "tradeId": "1159184749856784385"}, {"ts": "1712097093562", "price": "65738.9", "size": "0.155", "side": "sell", "tradeId": "1159184715916476418"}, {"ts": "1712097087489", "price": "65748.3", "size": "0.118", "side": "sell", "tradeId": "1159184690444468225"}, {"ts": "1712097085958", "price": "65748.8", "size": "0.087", "side": "buy", "tradeId": "1159184684022988801"}, {"ts": "1712097084333", "price": "65748.8", "size": "0.001", "side": "buy", "tradeId": "1159184677207244803"}, {"ts": "1712097076847", "price": "65763.1", "size": "0.085", "side": "buy", "tradeId": "1159184645808685057"}, {"ts": "1712097073802", "price": "65763.1", "size": "0.052", "side": "buy", "tradeId": "1159184633037029377"}, {"ts": "1712097071762", "price": "65762.6", "size": "0.097", "side": "sell", "tradeId": "1159184624480649217"}, {"ts": "1712097066694", "price": "65763.1", "size": "0.083", "side": "buy", "tradeId": "1159184603223916545"}, {"ts": "1712097058612", "price": "65747.2", "size": "0.072", "side": "buy", "tradeId": "1159184569325551617"}, {"ts": "1712097057583", "price": "65746.7", "size": "0.094", "side": "sell", "tradeId": "1159184565009612809"}, {"ts": "1712097052514", "price": "65747.2", "size": "0.128", "side": "buy", "tradeId": "1159184543748685826"}, {"ts": "1712097044418", "price": "65746.7", "size": "0.107", "side": "sell", "tradeId": "1159184509791600724"}, {"ts": "1712097040857", "price": "65746.7", "size": "0.098", "side": "sell", "tradeId": "1159184494855684200"}, {"ts": "1712097037798", "price": "65743.3", "size": "0.094", "side": "buy", "tradeId": "1159184482025308162"}, {"ts": "1712097034752", "price": "65734.8", "size": "0.117", "side": "sell", "tradeId": "1159184469249458177"}, {"ts": "1712097027671", "price": "65722.9", "size": "0.541", "side": "sell", "tradeId": "1159184439549591553"}, {"ts": "1712097018565", "price": "65723.4", "size": "0.425", "side": "buy", "tradeId": "1159184401356259329"}, {"ts": "1712097010970", "price": "65739.2", "size": "0.247", "side": "buy", "tradeId": "1159184369500520449"}, {"ts": "1712097008427", "price": "65727.9", "size": "0.403", "side": "buy", "tradeId": "1159184358834405505"}, {"ts": "1712097006390", "price": "65727.9", "size": "0.314", "side": "buy", "tradeId": "1159184350290608129"}, {"ts": "1712096997288", "price": "65703.3", "size": "0.259", "side": "buy", "tradeId": "1159184312114053212"}, {"ts": "1712096993724", "price": "65698.8", "size": "0.450", "side": "sell", "tradeId": "1159184297165553665"}, {"ts": "1712096991178", "price": "65694.0", "size": "0.305", "side": "buy", "tradeId": "1159184286486855786"}, {"ts": "1712096987125", "price": "65693.5", "size": "0.471", "side": "sell", "tradeId": "1159184269487341579"}, {"ts": "1712096979145", "price": "65694.0", "size": "0.008", "side": "buy", "tradeId": "1159184236016795685"}, {"ts": "1712096979043", "price": "65694.0", "size": "0.554", "side": "buy", "tradeId": "1159184235588976675"}, {"ts": "1712096978769", "price": "65695.1", "size": "0.095", "side": "buy", "tradeId": "1159184234439737384"}, {"ts": "1712096978769", "price": "65694.0", "size": "0.082", "side": "buy", "tradeId": "1159184234439737382"}, {"ts": "1712096974995", "price": "65687.5", "size": "0.495", "side": "buy", "tradeId": "1159184218610434049"}, {"ts": "1712096967409", "price": "65687.5", "size": "0.511", "side": "buy", "tradeId": "1159184186792443968"}, {"ts": "1712096962840", "price": "65687.0", "size": "0.398", "side": "sell", "tradeId": "1159184167628668929"}, {"ts": "1712096956262", "price": "65691.4", "size": "0.394", "side": "buy", "tradeId": "1159184140038537256"}, {"ts": "1712096955227", "price": "65690.9", "size": "0.371", "side": "sell", "tradeId": "1159184135697432577"}, {"ts": "1712096946629", "price": "65691.4", "size": "0.487", "side": "buy", "tradeId": "1159184099634806785"}, {"ts": "1712096943573", "price": "65700.4", "size": "0.564", "side": "buy", "tradeId": "1159184086817013761"}, {"ts": "1712096937995", "price": "65700.4", "size": "0.272", "side": "buy", "tradeId": "1159184063421186050"}, {"ts": "1712096932934", "price": "65699.9", "size": "0.567", "side": "sell", "tradeId": "1159184042193813550"}, {"ts": "1712096930560", "price": "65700.4", "size": "0.148", "side": "buy", "tradeId": "1159184032236535842"}, {"ts": "1712096929882", "price": "65699.9", "size": "0.470", "side": "sell", "tradeId": "1159184029392797720"}, {"ts": "1712096923299", "price": "65699.9", "size": "0.340", "side": "sell", "tradeId": "1159184001781694465"}, {"ts": "1712096913695", "price": "65711.3", "size": "0.485", "side": "sell", "tradeId": "1159183961499598849"}, {"ts": "1712096907621", "price": "65711.8", "size": "0.352", "side": "buy", "tradeId": "1159183936023396354"}, {"ts": "1712096898015", "price": "65719.5", "size": "0.630", "side": "buy", "tradeId": "1159183895732912129"}, {"ts": "1712096889922", "price": "65719.5", "size": "0.265", "side": "buy", "tradeId": "1159183861788409858"}, {"ts": "1712096881823", "price": "65719.5", "size": "0.407", "side": "buy", "tradeId": "1159183827818741763"}, {"ts": "1712096876751", "price": "65719.5", "size": "0.574", "side": "buy", "tradeId": "1159183806545231873"}, {"ts": "1712096875716", "price": "65719.0", "size": "0.636", "side": "sell", "tradeId": "1159183802204127233"}, {"ts": "1712096867620", "price": "65727.0", "size": "0.001", "side": "buy", "tradeId": "1159183768247042210"}, {"ts": "1712096866108", "price": "65727.0", "size": "0.559", "side": "buy", "tradeId": "1159183761905254401"}, {"ts": "1712096862047", "price": "65727.0", "size": "0.431", "side": "buy", "tradeId": "1159183744872185965"}, {"ts": "1712096855331", "price": "65726.5", "size": "0.001", "side": "sell", "tradeId": "1159183716703240193"}, {"ts": "1712096852948", "price": "65727.0", "size": "0.630", "side": "buy", "tradeId": "1159183706708213761"}, {"ts": "1712096847376", "price": "65726.5", "size": "0.151", "side": "sell", "tradeId": "1159183683337551874"}, {"ts": "1712096839782", "price": "65726.5", "size": "0.313", "side": "sell", "tradeId": "1159183651486007297"}, {"ts": "1712096831183", "price": "65711.4", "size": "0.230", "side": "buy", "tradeId": "1159183615419187209"}, {"ts": "1712096824448", "price": "65710.9", "size": "0.177", "side": "sell", "tradeId": "1159183587170549761"}, {"ts": "1712096822075", "price": "65711.9", "size": "0.158", "side": "buy", "tradeId": "1159183577217466438"}, {"ts": "1712096820533", "price": "65719.4", "size": "0.201", "side": "buy", "tradeId": "1159183570749849601"}, {"ts": "1712096815972", "price": "65735.4", "size": "0.294", "side": "buy", "tradeId": "1159183551619629057"}, {"ts": "1712096807878", "price": "65754.5", "size": "0.251", "side": "sell", "tradeId": "1159183517670932481"}, {"ts": "1712096805830", "price": "65755.0", "size": "0.260", "side": "buy", "tradeId": "1159183509080997891"}, {"ts": "1712096798247", "price": "65755.0", "size": "0.133", "side": "buy", "tradeId": "1159183477275590657"}, {"ts": "1712096793169", "price": "65754.5", "size": "0.225", "side": "sell", "tradeId": "1159183455976914945"}, {"ts": "1712096791127", "price": "65765.0", "size": "0.342", "side": "buy", "tradeId": "1159183447412146177"}, {"ts": "1712096787570", "price": "65764.5", "size": "0.474", "side": "sell", "tradeId": "1159183432493006849"}, {"ts": "1712096780976", "price": "65760.1", "size": "0.432", "side": "buy", "tradeId": "1159183404835766273"}, {"ts": "1712096776402", "price": "65755.0", "size": "0.351", "side": "buy", "tradeId": "1159183385651019777"}, {"ts": "1712096771983", "price": "65755.6", "size": "0.032", "side": "buy", "tradeId": "1159183367116390405"}, {"ts": "1712096771983", "price": "65755.3", "size": "0.083", "side": "buy", "tradeId": "1159183367116390403"}, {"ts": "1712096771983", "price": "65755.0", "size": "0.043", "side": "buy", "tradeId": "1159183367116390401"}, {"ts": "1712096771834", "price": "65754.5", "size": "0.401", "side": "sell", "tradeId": "1159183366491439105"}, {"ts": "1712096768281", "price": "65755.0", "size": "0.429", "side": "buy", "tradeId": "1159183351589077014"}, {"ts": "1712096766243", "price": "65754.5", "size": "0.476", "side": "sell", "tradeId": "1159183343041085491"}, {"ts": "1712096765294", "price": "65755.0", "size": "0.002", "side": "buy", "tradeId": "1159183339060690947"}, {"ts": "1712096764236", "price": "65754.5", "size": "0.002", "side": "sell", "tradeId": "1159183334623117314"}, {"ts": "1712096756652", "price": "65754.5", "size": "0.337", "side": "sell", "tradeId": "1159183302813515777"}, {"ts": "1712096753628", "price": "65759.7", "size": "0.007", "side": "buy", "tradeId": "1159183290129940483"}, {"ts": "1712096753628", "price": "65759.5", "size": "0.128", "side": "buy", "tradeId": "1159183290129940481"}, {"ts": "1712096752490", "price": "65775.4", "size": "0.038", "side": "sell", "tradeId": "1159183285356822546"}, {"ts": "1712096752490", "price": "65775.4", "size": "0.107", "side": "sell", "tradeId": "1159183285356822543"}, {"ts": "1712096747548", "price": "65775.5", "size": "0.299", "side": "buy", "tradeId": "1159183264628572232"}, {"ts": "1712096737442", "price": "65778.8", "size": "0.241", "side": "buy", "tradeId": "1159183222240935938"}, {"ts": "1712096727336", "price": "65778.8", "size": "0.349", "side": "buy", "tradeId": "1159183179853299724"}, {"ts": "1712096727073", "price": "65776.3", "size": "13.087", "side": "sell", "tradeId": "1159183178750197771"}, {"ts": "1712096727073", "price": "65776.6", "size": "0.107", "side": "sell", "tradeId": "1159183178750197769"}, {"ts": "1712096727073", "price": "65776.7", "size": "0.062", "side": "sell", "tradeId": "1159183178750197767"}, {"ts": "1712096727073", "price": "65777.3", "size": "0.107", "side": "sell", "tradeId": "1159183178750197765"}, {"ts": "1712096727073", "price": "65778.2", "size": "0.581", "side": "sell", "tradeId": "1159183178750197763"}, {"ts": "1712096727073", "price": "65778.3", "size": "6.056", "side": "sell", "tradeId": "1159183178750197761"}, {"ts": "1712096719245", "price": "65779.3", "size": "0.670", "side": "sell", "tradeId": "1159183145917186049"}, {"ts": "1712096717199", "price": "65779.3", "size": "0.628", "side": "sell", "tradeId": "1159183137335640065"}, {"ts": "1712096714651", "price": "65779.3", "size": "0.347", "side": "sell", "tradeId": "1159183126648553473"}, {"ts": "1712096706055", "price": "65780.6", "size": "0.320", "side": "sell", "tradeId": "1159183090594316290"}, {"ts": "1712096702503", "price": "65771.6", "size": "0.393", "side": "sell", "tradeId": "1159183075696148482"}, {"ts": "1712096694411", "price": "65787.3", "size": "0.336", "side": "buy", "tradeId": "1159183041755840583"}, {"ts": "1712096684798", "price": "65775.4", "size": "0.428", "side": "buy", "tradeId": "1159183001435996259"}, {"ts": "1712096678212", "price": "65764.4", "size": "0.542", "side": "sell", "tradeId": "1159182973812310017"}, {"ts": "1712096674864", "price": "65758.3", "size": "0.001", "side": "buy", "tradeId": "1159182959769780316"}, {"ts": "1712096672140", "price": "65763.4", "size": "0.563", "side": "buy", "tradeId": "1159182948344496208"}, {"ts": "1712096669825", "price": "65758.5", "size": "1.300", "side": "buy", "tradeId": "1159182938634682494"}, {"ts": "1712096667572", "price": "65757.2", "size": "0.221", "side": "sell", "tradeId": "1159182929184915499"}, {"ts": "1712096661512", "price": "65758.5", "size": "0.480", "side": "buy", "tradeId": "1159182903767433256"}, {"ts": "1712096660987", "price": "65758.4", "size": "0.093", "side": "buy", "tradeId": "1159182901565423617"}, {"ts": "1712096657435", "price": "65750.8", "size": "0.119", "side": "sell", "tradeId": "1159182886667255810"}, {"ts": "1712096654242", "price": "65750.8", "size": "0.177", "side": "sell", "tradeId": "1159182873274843138"}, {"ts": "1712096650856", "price": "65751.3", "size": "0.136", "side": "buy", "tradeId": "1159182859072929828"}, {"ts": "1712096649319", "price": "65751.3", "size": "0.088", "side": "buy", "tradeId": "1159182852626284545"}, {"ts": "1712096641723", "price": "65751.3", "size": "0.216", "side": "buy", "tradeId": "1159182820766351361"}, {"ts": "1712096637149", "price": "65754.1", "size": "0.143", "side": "sell", "tradeId": "1159182801581604865"}, {"ts": "1712096636109", "price": "65754.1", "size": "0.098", "side": "sell", "tradeId": "1159182797219528705"}, {"ts": "1712096632048", "price": "65757.1", "size": "0.135", "side": "sell", "tradeId": "1159182780186460162"}, {"ts": "1712096630511", "price": "65757.1", "size": "0.177", "side": "sell", "tradeId": "1159182773739814929"}, {"ts": "1712096627460", "price": "65757.6", "size": "0.237", "side": "buy", "tradeId": "1159182760942993409"}, {"ts": "1712096623901", "price": "65756.4", "size": "0.210", "side": "sell", "tradeId": "1159182746015465473"}, {"ts": "1712096618336", "price": "65754.1", "size": "0.232", "side": "buy", "tradeId": "1159182722674163715"}, {"ts": "1712096611245", "price": "65747.3", "size": "0.194", "side": "buy", "tradeId": "1159182692932354049"}, {"ts": "1712096607692", "price": "65747.3", "size": "0.349", "side": "buy", "tradeId": "1159182678029991937"}, {"ts": "1712096598589", "price": "65740.9", "size": "0.187", "side": "buy", "tradeId": "1159182639849242677"}, {"ts": "1712096589987", "price": "65735.4", "size": "0.284", "side": "buy", "tradeId": "1159182603769839627"}, {"ts": "1712096587443", "price": "65734.9", "size": "0.206", "side": "sell", "tradeId": "1159182593099530241"}, {"ts": "1712096578849", "price": "65723.3", "size": "0.249", "side": "buy", "tradeId": "1159182557053681665"}, {"ts": "1712096572265", "price": "65710.8", "size": "0.267", "side": "sell", "tradeId": "1159182529438384129"}, {"ts": "1712096569213", "price": "65706.3", "size": "0.316", "side": "buy", "tradeId": "1159182516637368321"}, {"ts": "1712096566594", "price": "65706.3", "size": "0.001", "side": "buy", "tradeId": "1159182505652486145"}, {"ts": "1712096565154", "price": "65705.8", "size": "0.214", "side": "sell", "tradeId": "1159182499612688385"}, {"ts": "1712096561094", "price": "65698.4", "size": "0.226", "side": "buy", "tradeId": "1159182482583814178"}, {"ts": "1712096554306", "price": "65682.3", "size": "0.001", "side": "sell", "tradeId": "1159182454112878593"}, {"ts": "1712096553005", "price": "65675.0", "size": "0.358", "side": "sell", "tradeId": "1159182448656089089"}, {"ts": "1712096547436", "price": "65675.0", "size": "0.246", "side": "sell", "tradeId": "1159182425298010134"}, {"ts": "1712096541369", "price": "65677.8", "size": "0.181", "side": "sell", "tradeId": "1159182399851167745"}, {"ts": "1712096535796", "price": "65677.8", "size": "0.328", "side": "sell", "tradeId": "1159182376476311553"}, {"ts": "1712096531732", "price": "65678.3", "size": "0.259", "side": "buy", "tradeId": "1159182359430660097"}, {"ts": "1712096529689", "price": "65677.8", "size": "0.468", "side": "sell", "tradeId": "1159182350861697025"}, {"ts": "1712096520589", "price": "65652.5", "size": "0.245", "side": "sell", "tradeId": "1159182312693530627"}, {"ts": "1712096517535", "price": "65653.0", "size": "0.306", "side": "buy", "tradeId": "1159182299884126209"}, {"ts": "1712096512963", "price": "65652.5", "size": "0.351", "side": "sell", "tradeId": "1159182280707768321"}, {"ts": "1712096510919", "price": "65653.0", "size": "0.308", "side": "buy", "tradeId": "1159182272134610946"}, {"ts": "1712096509896", "price": "65652.5", "size": "0.234", "side": "sell", "tradeId": "1159182267843837953"}, {"ts": "1712096501795", "price": "65650.9", "size": "0.486", "side": "sell", "tradeId": "1159182233865781249"}, {"ts": "1712096495713", "price": "65647.0", "size": "0.283", "side": "sell", "tradeId": "1159182208356024363"}, {"ts": "1712096487625", "price": "65647.5", "size": "0.182", "side": "buy", "tradeId": "1159182174432493580"}, {"ts": "1712096484572", "price": "65647.0", "size": "0.170", "side": "sell", "tradeId": "1159182161627283457"}, {"ts": "1712096475959", "price": "65647.0", "size": "0.251", "side": "sell", "tradeId": "1159182125501743105"}, {"ts": "1712096472398", "price": "65647.0", "size": "0.194", "side": "sell", "tradeId": "1159182110565826561"}, {"ts": "1712096470990", "price": "65647.5", "size": "0.005", "side": "buy", "tradeId": "1159182104660246530"}, {"ts": "1712096468337", "price": "65647.0", "size": "0.118", "side": "sell", "tradeId": "1159182093532758103"}, {"ts": "1712096464527", "price": "65647.5", "size": "0.002", "side": "buy", "tradeId": "1159182077552459777"}, {"ts": "1712096463469", "price": "65647.0", "size": "0.002", "side": "sell", "tradeId": "1159182073114886204"}, {"ts": "1712096463271", "price": "65647.5", "size": "0.149", "side": "buy", "tradeId": "1159182072284413953"}, {"ts": "1712096453647", "price": "65653.1", "size": "0.260", "side": "sell", "tradeId": "1159182031918432258"}, {"ts": "1712096447579", "price": "65653.6", "size": "0.220", "side": "buy", "tradeId": "1159182006467395585"}, {"ts": "1712096446743", "price": "65653.1", "size": "0.002", "side": "sell", "tradeId": "1159182002960957441"}