[
    {
        "e": "aggTrade",
        "E": 1712070264288,
        "s": "BTCFDUSD",
        "a": 477809473,
        "p": "65861.83000000",
        "q": "0.00015000",
        "f": 549671063,
        "l": 549671063,
        "T": 1712070264278,
        "m": true,
        "M": true,
        "_doc": "a05e54ce-0f29-4193-8a07-56d1a2d6ecaf"
    },
    {
        "e": "aggTrade",
        "E": 1712070264288,
        "s": "BTCFDUSD",
        "a": 477809472,
        "p": "65862.25000000",
        "q": "0.00021000",
        "f": 549671062,
        "l": 549671062,
        "T": 1712070264278,
        "m": true,
        "M": true,
        "_doc": "30397dcb-af71-465f-a9e7-6c612da74480"
    },
    {
        "e": "aggTrade",
        "E": 1712070264287,
        "s": "BTCFDUSD",
        "a": 477809471,
        "p": "65864.01000000",
        "q": "0.04045000",
        "f": 549671061,
        "l": 549671061,
        "T": 1712070264278,
        "m": true,
        "M": true,
        "_doc": "10f66fbc-4f9c-4e7a-ad07-33f291cfc625"
    },
    {
        "e": "aggTrade",
        "E": 1712070264287,
        "s": "BTCFDUSD",
        "a": 477809470,
        "p": "65864.01000000",
        "q": "0.00740000",
        "f": 549671060,
        "l": 549671060,
        "T": 1712070264277,
        "m": true,
        "M": true,
        "_doc": "9e147431-3326-460e-b4ad-3177957782ec"
    },
    {
        "e": "aggTrade",
        "E": 1712070264285,
        "s": "BTCFDUSD",
        "a": 477809469,
        "p": "65864.01000000",
        "q": "0.01395000",
        "f": 549671059,
        "l": 549671059,
        "T": 1712070264276,
        "m": true,
        "M": true,
        "_doc": "62d35d89-07e3-4870-97fb-1076f7bc45c1"
    },
    {
        "e": "aggTrade",
        "E": 1712070264280,
        "s": "BTCFDUSD",
        "a": 477809468,
        "p": "65864.01000000",
        "q": "0.00012000",
        "f": 549671058,
        "l": 549671058,
        "T": 1712070264276,
        "m": true,
        "M": true,
        "_doc": "b215e3e3-df59-4996-8a49-3a0c9cb2fbc3"
    },
    {
        "e": "aggTrade",
        "E": 1712070264280,
        "s": "BTCFDUSD",
        "a": 477809467,
        "p": "65864.01000000",
        "q": "0.03448000",
        "f": 549671057,
        "l": 549671057,
        "T": 1712070264276,
        "m": true,
        "M": true,
        "_doc": "922d7f5d-0666-4f85-ada5-2507b11280e7"
    },
    {
        "e": "aggTrade",
        "E": 1712070264280,
        "s": "BTCFDUSD",
        "a": 477809466,
        "p": "65864.05000000",
        "q": "0.00377000",
        "f": 549671056,
        "l": 549671056,
        "T": 1712070264276,
        "m": true,
        "M": true,
        "_doc": "a99f5c8a-fc28-48d9-8835-6fd76612b0f0"
    },
    {
        "e": "aggTrade",
        "E": 1712070264280,
        "s": "BTCFDUSD",
        "a": 477809465,
        "p": "65864.06000000",
        "q": "0.01382000",
        "f": 549671055,
        "l": 549671055,
        "T": 1712070264276,
        "m": true,
        "M": true,
        "_doc": "ce65bd9b-3f3e-4c79-814f-b447ac79b208"
    },
    {
        "e": "aggTrade",
        "E": 1712070264280,
        "s": "BTCFDUSD",
        "a": 477809464,
        "p": "65864.17000000",
        "q": "0.01382000",
        "f": 549671054,
        "l": 549671054,
        "T": 1712070264276,
        "m": true,
        "M": true,
        "_doc": "e3c3ebb4-3d24-481a-b28d-38f110163afb"
    },
    {
        "e": "aggTrade",
        "E": 1712070264280,
        "s": "BTCFDUSD",
        "a": 477809463,
        "p": "65865.10000000",
        "q": "0.00200000",
        "f": 549671050,
        "l": 549671053,
        "T": 1712070264276,
        "m": true,
        "M": true,
        "_doc": "266caff6-b73d-4e45-ace5-cdf06e995708"
    },
    {
        "e": "aggTrade",
        "E": 1712070264246,
        "s": "BTCUSDT",
        "a": 2949808653,
        "p": "65804.05000000",
        "q": "0.01209000",
        "f": 3527716152,
        "l": 3527716152,
        "T": 1712070264244,
        "m": true,
        "M": true,
        "_doc": "10a430f8-428e-4399-bdc0-663252c4438d"
    },
    {
        "e": "aggTrade",
        "E": 1712070264228,
        "s": "BTCUSDT",
        "a": 2949808652,
        "p": "65804.10000000",
        "q": "0.00010000",
        "f": 3527716151,
        "l": 3527716151,
        "T": 1712070264227,
        "m": true,
        "M": true,
        "_doc": "6085469f-ad25-4700-97bd-0bd66f3cb9c9"
    },
    {
        "e": "aggTrade",
        "E": 1712070264228,
        "s": "BTCUSDT",
        "a": 2949808651,
        "p": "65804.49000000",
        "q": "0.00010000",
        "f": 3527716150,
        "l": 3527716150,
        "T": 1712070264227,
        "m": true,
        "M": true,
        "_doc": "545cd3ac-ba46-4755-ae8c-49074b368f0f"
    },
    {
        "e": "aggTrade",
        "E": 1712070264228,
        "s": "BTCUSDT",
        "a": 2949808650,
        "p": "65804.88000000",
        "q": "0.00010000",
        "f": 3527716149,
        "l": 3527716149,
        "T": 1712070264227,
        "m": true,
        "M": true,
        "_doc": "1fa279d6-adc1-4c95-9ee7-f538defa3021"
    },
    {
        "e": "aggTrade",
        "E": 1712070264228,
        "s": "BTCUSDT",
        "a": 2949808649,
        "p": "65805.27000000",
        "q": "0.00010000",
        "f": 3527716148,
        "l": 3527716148,
        "T": 1712070264227,
        "m": true,
        "M": true,
        "_doc": "875e89d7-f923-410b-b91e-674bdce79adf"
    },
    {
        "e": "aggTrade",
        "E": 1712070264226,
        "s": "BTCUSDT",
        "a": 2949808648,
        "p": "65805.66000000",
        "q": "0.00010000",
        "f": 3527716147,
        "l": 3527716147,
        "T": 1712070264225,
        "m": true,
        "M": true,
        "_doc": "a387f7bf-238e-4e0a-a7ec-7258676be83c"
    },
    {
        "e": "aggTrade",
        "E": 1712070264147,
        "s": "BTCFDUSD",
        "a": 477809462,
        "p": "65867.90000000",
        "q": "0.03000000",
        "f": 549671049,
        "l": 549671049,
        "T": 1712070264146,
        "m": false,
        "M": true,
        "_doc": "5ac8f7e0-b5e8-4afb-a430-f0f6d53d8aa8"
    },
    {
        "e": "aggTrade",
        "E": 1712070264145,
        "s": "BTCFDUSD",
        "a": 477809461,
        "p": "65867.20000000",
        "q": "0.00184000",
        "f": 549671048,
        "l": 549671048,
        "T": 1712070264145,
        "m": true,
        "M": true,
        "_doc": "87245e5f-1118-4761-bbf5-46d43b4cb472"
    },
    {
        "e": "aggTrade",
        "E": 1712070264145,
        "s": "BTCFDUSD",
        "a": 477809460,
        "p": "65867.08000000",
        "q": "0.02000000",
        "f": 549671047,
        "l": 549671047,
        "T": 1712070264144,
        "m": false,
        "M": true,
        "_doc": "e20d4f5e-4b6b-4e34-b86e-20deaa3269da"
    },
    {
        "e": "aggTrade",
        "E": 1712070264133,
        "s": "BTCFDUSD",
        "a": 477809459,
        "p": "65867.26000000",
        "q": "0.00016000",
        "f": 549671045,
        "l": 549671046,
        "T": 1712070264132,
        "m": true,
        "M": true,
        "_doc": "0f683152-59d6-4403-ab38-7f790ec873bd"
    },
    {
        "e": "aggTrade",
        "E": 1712070264133,
        "s": "BTCFDUSD",
        "a": 477809458,
        "p": "65867.56000000",
        "q": "0.00014000",
        "f": 549671044,
        "l": 549671044,
        "T": 1712070264132,
        "m": true,
        "M": true,
        "_doc": "cb44d30c-5158-46a4-86dc-9a9047076f00"
    },
    {
        "e": "aggTrade",
        "E": 1712070264130,
        "s": "BTCFDUSD",
        "a": 477809457,
        "p": "65867.69000000",
        "q": "0.09656000",
        "f": 549671043,
        "l": 549671043,
        "T": 1712070264129,
        "m": true,
        "M": true,
        "_doc": "0189d0b1-507d-4e57-b422-bb1d65f2616c"
    },
    {
        "e": "aggTrade",
        "E": 1712070264130,
        "s": "BTCFDUSD",
        "a": 477809456,
        "p": "65868.10000000",
        "q": "0.00175000",
        "f": 549671042,
        "l": 549671042,
        "T": 1712070264129,
        "m": true,
        "M": true,
        "_doc": "8ea20d4a-30ab-4349-a799-8f8b74c66026"
    },
    {
        "e": "aggTrade",
        "E": 1712070264130,
        "s": "BTCFDUSD",
        "a": 477809455,
        "p": "65868.23000000",
        "q": "0.00178000",
        "f": 549671041,
        "l": 549671041,
        "T": 1712070264129,
        "m": true,
        "M": true,
        "_doc": "c8e1d028-2271-4de8-9c6f-9eeb35b75e36"
    },
    {
        "e": "aggTrade",
        "E": 1712070264130,
        "s": "BTCFDUSD",
        "a": 477809454,
        "p": "65868.24000000",
        "q": "0.00135000",
        "f": 549671040,
        "l": 549671040,
        "T": 1712070264129,
        "m": true,
        "M": true,
        "_doc": "424481c8-1b56-4978-9af7-6277c1b3f8a9"
    },
    {
        "e": "aggTrade",
        "E": 1712070264130,
        "s": "BTCFDUSD",
        "a": 477809453,
        "p": "65868.25000000",
        "q": "0.00176000",
        "f": 549671039,
        "l": 549671039,
        "T": 1712070264129,
        "m": true,
        "M": true,
        "_doc": "ac38d3e8-b36c-4ff3-85f2-21854461944e"
    },
    {
        "e": "aggTrade",
        "E": 1712070264130,
        "s": "BTCFDUSD",
        "a": 477809452,
        "p": "65868.26000000",
        "q": "0.00088000",
        "f": 549671038,
        "l": 549671038,
        "T": 1712070264129,
        "m": true,
        "M": true,
        "_doc": "4ab573c2-ae64-4bcc-b976-4bc8cbf31a4a"
    },
    {
        "e": "aggTrade",
        "E": 1712070264118,
        "s": "BTCUSDT",
        "a": 2949808647,
        "p": "65806.05000000",
        "q": "0.00010000",
        "f": 3527716146,
        "l": 3527716146,
        "T": 1712070264117,
        "m": true,
        "M": true,
        "_doc": "ec7da058-92fc-4cfa-9737-ce057b5baff4"
    },
    {
        "e": "aggTrade",
        "E": 1712070264118,
        "s": "BTCUSDT",
        "a": 2949808646,
        "p": "65806.44000000",
        "q": "0.00010000",
        "f": 3527716145,
        "l": 3527716145,
        "T": 1712070264117,
        "m": true,
        "M": true,
        "_doc": "a6d25d96-9b0b-4c06-8405-37ec5cae4eb4"
    },
    {
        "e": "aggTrade",
        "E": 1712070264118,
        "s": "BTCUSDT",
        "a": 2949808645,
        "p": "65806.83000000",
        "q": "0.00010000",
        "f": 3527716144,
        "l": 3527716144,
        "T": 1712070264117,
        "m": true,
        "M": true,
        "_doc": "1f30cadd-6273-44c8-85ad-a548517282d9"
    },
    {
        "e": "aggTrade",
        "E": 1712070264077,
        "s": "BTCUSDT",
        "a": 2949808644,
        "p": "65806.85000000",
        "q": "0.00060000",
        "f": 3527716143,
        "l": 3527716143,
        "T": 1712070264076,
        "m": true,
        "M": true,
        "_doc": "5118819f-d53c-4d7a-b813-1d23d21b6e14"
    },
    {
        "e": "aggTrade",
        "E": 1712070264071,
        "s": "BTCUSDT",
        "a": 2949808643,
        "p": "65806.85000000",
        "q": "0.02610000",
        "f": 3527716142,
        "l": 3527716142,
        "T": 1712070264070,
        "m": true,
        "M": true,
        "_doc": "831b7ae9-0114-4da2-9a89-cd1e4f85b0e7"
    },
    {
        "e": "aggTrade",
        "E": 1712070264071,
        "s": "BTCUSDT",
        "a": 2949808642,
        "p": "65807.22000000",
        "q": "0.00010000",
        "f": 3527716141,
        "l": 3527716141,
        "T": 1712070264070,
        "m": true,
        "M": true,
        "_doc": "330981c7-2d63-42a1-ad02-7568880edf4f"
    },
    {
        "e": "aggTrade",
        "E": 1712070264071,
        "s": "BTCUSDT",
        "a": 2949808641,
        "p": "65807.61000000",
        "q": "0.00010000",
        "f": 3527716140,
        "l": 3527716140,
        "T": 1712070264070,
        "m": true,
        "M": true,
        "_doc": "3f6b0840-0287-44dd-9f56-132ede4ce6ba"
    },
    {
        "e": "aggTrade",
        "E": 1712070264071,
        "s": "BTCUSDT",
        "a": 2949808640,
        "p": "65808.00000000",
        "q": "0.01870000",
        "f": 3527716139,
        "l": 3527716139,
        "T": 1712070264070,
        "m": true,
        "M": true,
        "_doc": "39e8a874-ff66-41f8-9515-9aeefbc6ef3d"
    },
    {
        "e": "aggTrade",
        "E": 1712070264065,
        "s": "BTCUSDT",
        "a": 2949808639,
        "p": "65808.00000000",
        "q": "0.05000000",
        "f": 3527716138,
        "l": 3527716138,
        "T": 1712070264064,
        "m": true,
        "M": true,
        "_doc": "13e6c96a-2168-452b-a07e-641f4c29d7ee"
    },
    {
        "e": "aggTrade",
        "E": 1712070264047,
        "s": "BTCFDUSD",
        "a": 477809451,
        "p": "65873.08000000",
        "q": "0.00033000",
        "f": 549671037,
        "l": 549671037,
        "T": 1712070264046,
        "m": false,
        "M": true,
        "_doc": "dfeb7e63-2224-4fea-aed9-01785ac6bcc3"
    },
    {
        "e": "aggTrade",
        "E": 1712070263873,
        "s": "BTCUSDT",
        "a": 2949808638,
        "p": "65808.00000000",
        "q": "0.00040000",
        "f": 3527716137,
        "l": 3527716137,
        "T": 1712070263872,
        "m": true,
        "M": true,
        "_doc": "fb50249c-7a64-4355-882b-2833b75b521f"
    },
    {
        "e": "aggTrade",
        "E": 1712070263870,
        "s": "BTCUSDT",
        "a": 2949808637,
        "p": "65808.00000000",
        "q": "0.05000000",
        "f": 3527716136,
        "l": 3527716136,
        "T": 1712070263869,
        "m": true,
        "M": true,
        "_doc": "d845c32c-1f16-4876-b80a-3e2a5eec2bd8"
    },
    {
        "e": "aggTrade",
        "E": 1712070263867,
        "s": "BTCUSDT",
        "a": 2949808636,
        "p": "65808.00000000",
        "q": "0.05000000",
        "f": 3527716131,
        "l": 3527716135,
        "T": 1712070263867,
        "m": true,
        "M": true,
        "_doc": "fc5a17d8-7aec-4b65-b8f8-ed257de02046"
    },
    {
        "e": "aggTrade",
        "E": 1712070263864,
        "s": "BTCUSDT",
        "a": 2949808635,
        "p": "65808.00000000",
        "q": "0.05000000",
        "f": 3527716130,
        "l": 3527716130,
        "T": 1712070263863,
        "m": true,
        "M": true,
        "_doc": "4686dfde-6284-4728-a9e2-cfbce14d1864"
    },
    {
        "e": "aggTrade",
        "E": 1712070263857,
        "s": "BTCUSDT",
        "a": 2949808634,
        "p": "65808.01000000",
        "q": "0.10000000",
        "f": 3527716129,
        "l": 3527716129,
        "T": 1712070263856,
        "m": false,
        "M": true,
        "_doc": "9901e023-aeca-4163-8c10-d7487b33c5e1"
    },
    {
        "e": "aggTrade",
        "E": 1712070263831,
        "s": "BTCFDUSD",
        "a": 477809450,
        "p": "65869.64000000",
        "q": "0.02000000",
        "f": 549671036,
        "l": 549671036,
        "T": 1712070263830,
        "m": false,
        "M": true,
        "_doc": "dfb659a0-f59b-44a1-b083-8638c2fab68b"
    },
    {
        "e": "aggTrade",
        "E": 1712070263827,
        "s": "BTCFDUSD",
        "a": 477809449,
        "p": "65874.53000000",
        "q": "0.01382000",
        "f": 549671035,
        "l": 549671035,
        "T": 1712070263826,
        "m": false,
        "M": true,
        "_doc": "4c0fa5ba-17eb-4151-8e8e-f01fee38fa8d"
    },
    {
        "e": "aggTrade",
        "E": 1712070263827,
        "s": "BTCFDUSD",
        "a": 477809448,
        "p": "65869.66000000",
        "q": "0.02390000",
        "f": 549671034,
        "l": 549671034,
        "T": 1712070263826,
        "m": false,
        "M": true,
        "_doc": "af03a244-3372-48a3-9dfd-139405627034"
    },
    {
        "e": "aggTrade",
        "E": 1712070263824,
        "s": "BTCFDUSD",
        "a": 477809447,
        "p": "65868.73000000",
        "q": "0.00016000",
        "f": 549671033,
        "l": 549671033,
        "T": 1712070263822,
        "m": true,
        "M": true,
        "_doc": "0a2f2583-5f5d-4b8d-8e2f-84c5e63e0623"
    },
    {
        "e": "aggTrade",
        "E": 1712070263824,
        "s": "BTCFDUSD",
        "a": 477809446,
        "p": "65868.93000000",
        "q": "0.09694000",
        "f": 549671032,
        "l": 549671032,
        "T": 1712070263822,
        "m": true,
        "M": true,
        "_doc": "812228dc-f3f6-4b70-92b7-c33f43e41f83"
    },
    {
        "e": "aggTrade",
        "E": 1712070263824,
        "s": "BTCFDUSD",
        "a": 477809445,
        "p": "65868.94000000",
        "q": "0.00759000",
        "f": 549671031,
        "l": 549671031,
        "T": 1712070263822,
        "m": true,
        "M": true,
        "_doc": "1c3759ab-d18b-4816-8cc7-7a591e5602cb"
    },
    {
        "e": "aggTrade",
        "E": 1712070263824,
        "s": "BTCFDUSD",
        "a": 477809444,
        "p": "65869.92000000",
        "q": "0.00018000",
        "f": 549671030,
        "l": 549671030,
        "T": 1712070263822,
        "m": true,
        "M": true,
        "_doc": "07d63d7e-205c-4397-b438-756a4aa83525"
    },
    {
        "e": "aggTrade",
        "E": 1712070263824,
        "s": "BTCFDUSD",
        "a": 477809443,
        "p": "65869.94000000",
        "q": "0.00312000",
        "f": 549671029,
        "l": 549671029,
        "T": 1712070263822,
        "m": true,
        "M": true,
        "_doc": "ee299517-4e96-4874-b388-19e8405250d4"
    },
    {
        "e": "aggTrade",
        "E": 1712070263824,
        "s": "BTCFDUSD",
        "a": 477809442,
        "p": "65870.09000000",
        "q": "0.00177000",
        "f": 549671028,
        "l": 549671028,
        "T": 1712070263822,
        "m": true,
        "M": true,
        "_doc": "150db958-65ca-4868-b84e-eb897ddbcd95"
    },
    {
        "e": "aggTrade",
        "E": 1712070263824,
        "s": "BTCFDUSD",
        "a": 477809441,
        "p": "65870.10000000",
        "q": "0.01000000",
        "f": 549671027,
        "l": 549671027,
        "T": 1712070263822,
        "m": true,
        "M": true,
        "_doc": "2936fb3d-3f5d-4ec2-8781-5cad56cb00f4"
    },
    {
        "e": "aggTrade",
        "E": 1712070263823,
        "s": "BTCFDUSD",
        "a": 477809440,
        "p": "65870.10000000",
        "q": "0.03000000",
        "f": 549671026,
        "l": 549671026,
        "T": 1712070263822,
        "m": true,
        "M": true,
        "_doc": "3d5eba36-7b1c-4c9d-a3e6-23b102348e5f"
    },
    {
        "e": "aggTrade",
        "E": 1712070263748,
        "s": "BTCFDUSD",
        "a": 477809439,
        "p": "65874.56000000",
        "q": "0.01855000",
        "f": 549671025,
        "l": 549671025,
        "T": 1712070263747,
        "m": false,
        "M": true,
        "_doc": "6c63b699-c27d-41b6-8fa4-5a6eeaccae95"
    },
    {
        "e": "aggTrade",
        "E": 1712070263748,
        "s": "BTCFDUSD",
        "a": 477809438,
        "p": "65874.55000000",
        "q": "0.02000000",
        "f": 549671024,
        "l": 549671024,
        "T": 1712070263747,
        "m": false,
        "M": true,
        "_doc": "376513a4-7478-4850-b388-37d2a1a1a61a"
    },
    {
        "e": "aggTrade",
        "E": 1712070263726,
        "s": "BTCFDUSD",
        "a": 477809437,
        "p": "65874.68000000",
        "q": "0.00011000",
        "f": 549671023,
        "l": 549671023,
        "T": 1712070263726,
        "m": false,
        "M": true,
        "_doc": "0c32cb1d-d0a6-4fa3-86dd-c5aa75d3d7c1"
    },
    {
        "e": "aggTrade",
        "E": 1712070263687,
        "s": "BTCFDUSD",
        "a": 477809436,
        "p": "65874.69000000",
        "q": "0.01345000",
        "f": 549671022,
        "l": 549671022,
        "T": 1712070263686,
        "m": false,
        "M": true,
        "_doc": "2dcce933-e543-4d47-bd1f-eb64f38e7754"
    },
    {
        "e": "aggTrade",
        "E": 1712070263687,
        "s": "BTCFDUSD",
        "a": 477809435,
        "p": "65874.68000000",
        "q": "0.02065000",
        "f": 549671020,
        "l": 549671021,
        "T": 1712070263686,
        "m": false,
        "M": true,
        "_doc": "39c8aabe-3f1b-44d0-8e33-b760c496a4ce"
    },
    {
        "e": "aggTrade",
        "E": 1712070263636,
        "s": "BTCFDUSD",
        "a": 477809434,
        "p": "65874.81000000",
        "q": "0.00289000",
        "f": 549671019,
        "l": 549671019,
        "T": 1712070263636,
        "m": false,
        "M": true,
        "_doc": "4757c227-38a0-4a1f-bfdd-913ed632ee09"
    },
    {
        "e": "aggTrade",
        "E": 1712070263636,
        "s": "BTCFDUSD",
        "a": 477809433,
        "p": "65874.80000000",
        "q": "0.02462000",
        "f": 549671017,
        "l": 549671018,
        "T": 1712070263636,
        "m": false,
        "M": true,
        "_doc": "79945736-31f6-4388-82c0-888b3b2f0f64"
    },
    {
        "e": "aggTrade",
        "E": 1712070263636,
        "s": "BTCFDUSD",
        "a": 477809432,
        "p": "65874.79000000",
        "q": "0.00018000",
        "f": 549671016,
        "l": 549671016,
        "T": 1712070263636,
        "m": false,
        "M": true,
        "_doc": "307919a3-cd23-40eb-a0e0-a44d589380e9"
    },
    {
        "e": "aggTrade",
        "E": 1712070263578,
        "s": "BTCFDUSD",
        "a": 477809431,
        "p": "65874.81000000",
        "q": "0.00796000",
        "f": 549671015,
        "l": 549671015,
        "T": 1712070263578,
        "m": false,
        "M": true,
        "_doc": "19239370-8799-4f17-bb85-036170fd0f74"
    },
    {
        "e": "aggTrade",
        "E": 1712070263578,
        "s": "BTCFDUSD",
        "a": 477809430,
        "p": "65874.80000000",
        "q": "0.02000000",
        "f": 549671014,
        "l": 549671014,
        "T": 1712070263578,
        "m": false,
        "M": true,
        "_doc": "701aad04-909e-4c8e-8c0e-0c0095eb07f3"
    },
    {
        "e": "aggTrade",
        "E": 1712070263517,
        "s": "BTCFDUSD",
        "a": 477809429,
        "p": "65874.94000000",
        "q": "0.01127000",
        "f": 549671013,
        "l": 549671013,
        "T": 1712070263515,
        "m": false,
        "M": true,
        "_doc": "a1070bfe-545f-4c41-a891-b90b521e5f8f"
    },
    {
        "e": "aggTrade",
        "E": 1712070263517,
        "s": "BTCFDUSD",
        "a": 477809428,
        "p": "65874.92000000",
        "q": "0.02000000",
        "f": 549671012,
        "l": 549671012,
        "T": 1712070263515,
        "m": false,
        "M": true,
        "_doc": "3bb32eb6-1bd9-4227-b015-c98f0b5ce61e"
    },
    {
        "e": "aggTrade",
        "E": 1712070263496,
        "s": "BTCUSDT",
        "a": 2949808633,
        "p": "65808.01000000",
        "q": "0.00014000",
        "f": 3527716128,
        "l": 3527716128,
        "T": 1712070263496,
        "m": false,
        "M": true,
        "_doc": "e446b1e8-96f7-42c4-ac38-16ff4c1a2af1"
    },
    {
        "e": "aggTrade",
        "E": 1712070263456,
        "s": "BTCFDUSD",
        "a": 477809427,
        "p": "65874.94000000",
        "q": "0.00425000",
        "f": 549671011,
        "l": 549671011,
        "T": 1712070263455,
        "m": false,
        "M": true,
        "_doc": "143317ef-1cb1-4993-9a11-33385a08ee9b"
    },
    {
        "e": "aggTrade",
        "E": 1712070263456,
        "s": "BTCFDUSD",
        "a": 477809426,
        "p": "65874.93000000",
        "q": "0.02000000",
        "f": 549671010,
        "l": 549671010,
        "T": 1712070263455,
        "m": false,
        "M": true,
        "_doc": "110ec793-4e18-43e8-bfb9-16b04c818ec4"
    },
    {
        "e": "aggTrade",
        "E": 1712070263399,
        "s": "BTCFDUSD",
        "a": 477809425,
        "p": "65875.07000000",
        "q": "0.02063000",
        "f": 549671009,
        "l": 549671009,
        "T": 1712070263398,
        "m": false,
        "M": true,
        "_doc": "e297674a-b6b7-41d4-b0c6-d353360d6eb2"
    },
    {
        "e": "aggTrade",
        "E": 1712070263399,
        "s": "BTCFDUSD",
        "a": 477809424,
        "p": "65875.05000000",
        "q": "0.00088000",
        "f": 549671008,
        "l": 549671008,
        "T": 1712070263398,
        "m": false,
        "M": true,
        "_doc": "6f0c5919-0f07-4969-9571-9a1b69640230"
    },
    {
        "e": "aggTrade",
        "E": 1712070263399,
        "s": "BTCFDUSD",
        "a": 477809423,
        "p": "65875.04000000",
        "q": "0.00088000",
        "f": 549671007,
        "l": 549671007,
        "T": 1712070263398,
        "m": false,
        "M": true,
        "_doc": "6e1cd223-0462-4f07-98d5-8488d22f374e"
    },
    {
        "e": "aggTrade",
        "E": 1712070263399,
        "s": "BTCFDUSD",
        "a": 477809422,
        "p": "65875.02000000",
        "q": "0.00013000",
        "f": 549671006,
        "l": 549671006,
        "T": 1712070263398,
        "m": false,
        "M": true,
        "_doc": "c1b24f15-c927-403d-b281-06c42f78ddc5"
    },
    {
        "e": "aggTrade",
        "E": 1712070263399,
        "s": "BTCFDUSD",
        "a": 477809421,
        "p": "65875.01000000",
        "q": "0.01394000",
        "f": 549671005,
        "l": 549671005,
        "T": 1712070263398,
        "m": false,
        "M": true,
        "_doc": "bc24829b-38e0-45d0-bf27-4f815578e822"
    },
    {
        "e": "aggTrade",
        "E": 1712070263364,
        "s": "BTCUSDT",
        "a": 2949808632,
        "p": "65808.01000000",
        "q": "0.07657000",
        "f": 3527716127,
        "l": 3527716127,
        "T": 1712070263363,
        "m": false,
        "M": true,
        "_doc": "700a838f-b7e2-465e-88be-e96a5964f174"
    },
    {
        "e": "aggTrade",
        "E": 1712070263358,
        "s": "BTCUSDT",
        "a": 2949808631,
        "p": "65808.00000000",
        "q": "0.00050000",
        "f": 3527716126,
        "l": 3527716126,
        "T": 1712070263358,
        "m": true,
        "M": true,
        "_doc": "cbc8ad32-f286-4c85-a3d6-fc9f7d050644"
    },
    {
        "e": "aggTrade",
        "E": 1712070263349,
        "s": "BTCFDUSD",
        "a": 477809420,
        "p": "65875.06000000",
        "q": "0.02606000",
        "f": 549671004,
        "l": 549671004,
        "T": 1712070263348,
        "m": false,
        "M": true,
        "_doc": "d01a6a44-05a6-497c-bd20-dc48f034a285"
    },
    {
        "e": "aggTrade",
        "E": 1712070263324,
        "s": "BTCFDUSD",
        "a": 477809419,
        "p": "65869.34000000",
        "q": "0.00009000",
        "f": 549671003,
        "l": 549671003,
        "T": 1712070263324,
        "m": true,
        "M": true,
        "_doc": "5f4efbea-4637-4035-8a45-d91d4e2805e9"
    },
    {
        "e": "aggTrade",
        "E": 1712070263221,
        "s": "BTCFDUSD",
        "a": 477809418,
        "p": "65875.79000000",
        "q": "0.00023000",
        "f": 549671002,
        "l": 549671002,
        "T": 1712070263220,
        "m": false,
        "M": true,
        "_doc": "e5b0ff87-cfe4-420d-bc9d-f231614f21af"
    },
    {
        "e": "aggTrade",
        "E": 1712070263191,
        "s": "BTCUSDT",
        "a": 2949808630,
        "p": "65808.00000000",
        "q": "0.00046000",
        "f": 3527716125,
        "l": 3527716125,
        "T": 1712070263190,
        "m": true,
        "M": true,
        "_doc": "f51e54dd-9ea6-484f-8a4d-8f2107fb543c"
    },
    {
        "e": "aggTrade",
        "E": 1712070263185,
        "s": "BTCFDUSD",
        "a": 477809417,
        "p": "65870.00000000",
        "q": "0.00061000",
        "f": 549671001,
        "l": 549671001,
        "T": 1712070263184,
        "m": true,
        "M": true,
        "_doc": "05d4eff1-8722-43ea-8024-b696d44f9904"
    },
    {
        "e": "aggTrade",
        "E": 1712070263185,
        "s": "BTCFDUSD",
        "a": 477809416,
        "p": "65870.10000000",
        "q": "0.09747000",
        "f": 549671000,
        "l": 549671000,
        "T": 1712070263184,
        "m": true,
        "M": true,
        "_doc": "307bd144-cbe9-40f1-bee0-bf1a9bb5b6c0"
    },
    {
        "e": "aggTrade",
        "E": 1712070263183,
        "s": "BTCUSDT",
        "a": 2949808629,
        "p": "65808.01000000",
        "q": "0.00296000",
        "f": 3527716124,
        "l": 3527716124,
        "T": 1712070263182,
        "m": false,
        "M": true,
        "_doc": "4f5177ec-01ee-4a28-a49a-a3d845161051"
    },
    {
        "e": "aggTrade",
        "E": 1712070263182,
        "s": "BTCFDUSD",
        "a": 477809415,
        "p": "65870.25000000",
        "q": "0.03959000",
        "f": 549670999,
        "l": 549670999,
        "T": 1712070263182,
        "m": true,
        "M": true,
        "_doc": "4b1eb04d-42ed-4467-8dcd-8b33017fb729"
    },
    {
        "e": "aggTrade",
        "E": 1712070263173,
        "s": "BTCUSDT",
        "a": 2949808628,
        "p": "65808.39000000",
        "q": "0.00010000",
        "f": 3527716123,
        "l": 3527716123,
        "T": 1712070263172,
        "m": true,
        "M": true,
        "_doc": "ccffad1b-0689-4e76-a3e9-cb3c51c07d5c"
    },
    {
        "e": "aggTrade",
        "E": 1712070263173,
        "s": "BTCUSDT",
        "a": 2949808627,
        "p": "65808.78000000",
        "q": "0.00010000",
        "f": 3527716122,
        "l": 3527716122,
        "T": 1712070263172,
        "m": true,
        "M": true,
        "_doc": "f5a07782-979b-4a04-b0ec-a931fe872477"
    },
    {
        "e": "aggTrade",
        "E": 1712070263173,
        "s": "BTCUSDT",
        "a": 2949808626,
        "p": "65809.17000000",
        "q": "0.00010000",
        "f": 3527716121,
        "l": 3527716121,
        "T": 1712070263172,
        "m": true,
        "M": true,
        "_doc": "0e6a6535-b59d-4c7f-93d8-19a6d7b84ab3"
    },
    {
        "e": "aggTrade",
        "E": 1712070263157,
        "s": "BTCUSDT",
        "a": 2949808625,
        "p": "65809.56000000",
        "q": "0.00010000",
        "f": 3527716120,
        "l": 3527716120,
        "T": 1712070263156,
        "m": true,
        "M": true,
        "_doc": "bda70004-d18c-45b0-b65d-4dcb41761fc7"
    },
    {
        "e": "aggTrade",
        "E": 1712070263157,
        "s": "BTCUSDT",
        "a": 2949808624,
        "p": "65809.95000000",
        "q": "0.00010000",
        "f": 3527716119,
        "l": 3527716119,
        "T": 1712070263156,
        "m": true,
        "M": true,
        "_doc": "16968404-2fc9-4e5f-870b-fa55dec804b0"
    },
    {
        "e": "aggTrade",
        "E": 1712070263157,
        "s": "BTCUSDT",
        "a": 2949808623,
        "p": "65810.34000000",
        "q": "0.00010000",
        "f": 3527716118,
        "l": 3527716118,
        "T": 1712070263156,
        "m": true,
        "M": true,
        "_doc": "35a3a7ac-8dc9-4b61-8bb2-0421e954fed2"
    },
    {
        "e": "aggTrade",
        "E": 1712070263157,
        "s": "BTCUSDT",
        "a": 2949808622,
        "p": "65810.73000000",
        "q": "0.00010000",
        "f": 3527716117,
        "l": 3527716117,
        "T": 1712070263156,
        "m": true,
        "M": true,
        "_doc": "85c88785-f9cb-48f6-8b4a-9ddaad02c2ad"
    },
    {
        "e": "aggTrade",
        "E": 1712070263157,
        "s": "BTCUSDT",
        "a": 2949808621,
        "p": "65811.12000000",
        "q": "0.00010000",
        "f": 3527716116,
        "l": 3527716116,
        "T": 1712070263156,
        "m": true,
        "M": true,
        "_doc": "385d7185-bacb-4922-ac24-a1af60b0d0be"
    },
    {
        "e": "aggTrade",
        "E": 1712070263157,
        "s": "BTCUSDT",
        "a": 2949808620,
        "p": "65811.51000000",
        "q": "0.00010000",
        "f": 3527716115,
        "l": 3527716115,
        "T": 1712070263156,
        "m": true,
        "M": true,
        "_doc": "22842994-4440-4f57-aaab-8c16211860c1"
    },
    {
        "e": "aggTrade",
        "E": 1712070263157,
        "s": "BTCUSDT",
        "a": 2949808619,
        "p": "65811.90000000",
        "q": "0.00010000",
        "f": 3527716114,
        "l": 3527716114,
        "T": 1712070263156,
        "m": true,
        "M": true,
        "_doc": "6f5d214d-93b7-46be-89d5-803c8f9a3641"
    },
    {
        "e": "aggTrade",
        "E": 1712070263157,
        "s": "BTCUSDT",
        "a": 2949808618,
        "p": "65811.91000000",
        "q": "0.00008000",
        "f": 3527716113,
        "l": 3527716113,
        "T": 1712070263156,
        "m": true,
        "M": true,
        "_doc": "0021d55b-605f-480a-9123-164c381ae96d"
    },
    {
        "e": "aggTrade",
        "E": 1712070263154,
        "s": "BTCUSDT",
        "a": 2949808617,
        "p": "65812.00000000",
        "q": "0.00674000",
        "f": 3527716112,
        "l": 3527716112,
        "T": 1712070263153,
        "m": true,
        "M": true,
        "_doc": "e0f18f62-309c-4a84-b6ff-e497249f03b7"
    },
    {
        "e": "aggTrade",
        "E": 1712070263150,
        "s": "BTCFDUSD",
        "a": 477809414,
        "p": "65873.01000000",
        "q": "0.00181000",
        "f": 549670998,
        "l": 549670998,
        "T": 1712070263150,
        "m": true,
        "M": true,
        "_doc": "32340f67-ecdd-496a-938d-43d60ae54899"
    },
    {
        "e": "aggTrade",
        "E": 1712070263148,
        "s": "BTCFDUSD",
        "a": 477809413,
        "p": "65872.84000000",
        "q": "0.00248000",
        "f": 549670997,
        "l": 549670997,
        "T": 1712070263148,
        "m": true,
        "M": true,
        "_doc": "96d114e1-2e6a-4c19-a5c2-ca0d2dfbf6ce"
    },
    {
        "e": "aggTrade",
        "E": 1712070263148,
        "s": "BTCFDUSD",
        "a": 477809412,
        "p": "65872.85000000",
        "q": "0.00046000",
        "f": 549670996,
        "l": 549670996,
        "T": 1712070263148,
        "m": true,
        "M": true,
        "_doc": "a07a3849-c9cd-466d-97a5-0a2b8a0d016e"
    },
    {
        "e": "aggTrade",
        "E": 1712070263148,
        "s": "BTCFDUSD",
        "a": 477809411,
        "p": "65872.99000000",
        "q": "0.00246000",
        "f": 549670995,
        "l": 549670995,
        "T": 1712070263148,
        "m": true,
        "M": true,
        "_doc": "230b32e7-6523-4f76-9388-b432ff6e5c82"
    },
    {
        "e": "aggTrade",
        "E": 1712070263148,
        "s": "BTCFDUSD",
        "a": 477809410,
        "p": "65873.00000000",
        "q": "0.04000000",
        "f": 549670994,
        "l": 549670994,
        "T": 1712070263148,
        "m": true,
        "M": true,
        "_doc": "24bafff4-7780-4894-bddc-46752746ae9f"
    },
    {
        "e": "aggTrade",
        "E": 1712070263110,
        "s": "BTCUSDT",
        "a": 2949808616,
        "p": "65812.00000000",
        "q": "0.00064000",
        "f": 3527716111,
        "l": 3527716111,
        "T": 1712070263109,
        "m": true,
        "M": true,
        "_doc": "e903c818-0247-4152-9257-3a5fdbd5ccbe"
    },
    {
        "e": "aggTrade",
        "E": 1712070263105,
        "s": "BTCFDUSD",
        "a": 477809409,
        "p": "65875.69000000",
        "q": "0.00075000",
        "f": 549670993,
        "l": 549670993,
        "T": 1712070263104,
        "m": true,
        "M": true,
        "_doc": "878e51a1-e5a1-4303-a9a4-78635bec6cbc"
    },
    {
        "e": "aggTrade",
        "E": 1712070263079,
        "s": "BTCUSDT",
        "a": 2949808615,
        "p": "65812.00000000",
        "q": "0.04500000",
        "f": 3527716110,
        "l": 3527716110,
        "T": 1712070263078,
        "m": true,
        "M": true,
        "_doc": "95846148-22ab-414f-b528-7dea717d03b4"
    },
    {
        "e": "aggTrade",
        "E": 1712070263078,
        "s": "BTCUSDT",
        "a": 2949808614,
        "p": "65812.01000000",
        "q": "0.00294000",
        "f": 3527716109,
        "l": 3527716109,
        "T": 1712070263077,
        "m": false,
        "M": true,
        "_doc": "2fa98c4d-a68d-4e97-a349-5627e4302eca"
    },
    {
        "e": "aggTrade",
        "E": 1712070263061,
        "s": "BTCUSDT",
        "a": 2949808613,
        "p": "65812.00000000",
        "q": "0.00025000",
        "f": 3527716108,
        "l": 3527716108,
        "T": 1712070263060,
        "m": true,
        "M": true,
        "_doc": "adb7e6a3-fc02-4bc7-b2ec-a67d5cae0456"
    },
    {
        "e": "aggTrade",
        "E": 1712070263033,
        "s": "BTCUSDT",
        "a": 2949808612,
        "p": "65812.04000000",
        "q": "0.00674000",
        "f": 3527716107,
        "l": 3527716107,
        "T": 1712070263032,
        "m": true,
        "M": true,
        "_doc": "3b47a192-fb27-4aa0-b7a4-5be90f28838c"
    },
    {
        "e": "aggTrade",
        "E": 1712070262996,
        "s": "BTCUSDT",
        "a": 2949808611,
        "p": "65812.04000000",
        "q": "0.00132000",
        "f": 3527716106,
        "l": 3527716106,
        "T": 1712070262996,
        "m": true,
        "M": true,
        "_doc": "7b1e79d2-39c3-4f38-82ab-f1ca221a1cc8"
    },
    {
        "e": "aggTrade",
        "E": 1712070262974,
        "s": "BTCFDUSD",
        "a": 477809408,
        "p": "65875.69000000",
        "q": "0.00022000",
        "f": 549670992,
        "l": 549670992,
        "T": 1712070262973,
        "m": true,
        "M": true,
        "_doc": "087a090d-648c-4208-9b0c-62fd5cefbdc9"
    },
    {
        "e": "aggTrade",
        "E": 1712070262901,
        "s": "BTCUSDT",
        "a": 2949808610,
        "p": "65812.04000000",
        "q": "0.05000000",
        "f": 3527716103,
        "l": 3527716105,
        "T": 1712070262901,
        "m": true,
        "M": true,
        "_doc": "7f260d9d-8bf1-4a8c-8aa7-676ff88e6424"
    },
    {
        "e": "aggTrade",
        "E": 1712070262868,
        "s": "BTCUSDT",
        "a": 2949808609,
        "p": "65812.05000000",
        "q": "0.00197000",
        "f": 3527716102,
        "l": 3527716102,
        "T": 1712070262867,
        "m": false,
        "M": true,
        "_doc": "95708575-d3a1-47c8-8e47-b732ebb08969"
    },
    {
        "e": "aggTrade",
        "E": 1712070262852,
        "s": "BTCUSDT",
        "a": 2949808608,
        "p": "65812.04000000",
        "q": "0.01692000",
        "f": 3527716101,
        "l": 3527716101,
        "T": 1712070262852,
        "m": true,
        "M": true,
        "_doc": "e6662a0a-f1e5-48f6-be9e-0e3767510dc8"
    },
    {
        "e": "aggTrade",
        "E": 1712070262850,
        "s": "BTCFDUSD",
        "a": 477809407,
        "p": "65877.33000000",
        "q": "0.04000000",
        "f": 549670991,
        "l": 549670991,
        "T": 1712070262850,
        "m": false,
        "M": true,
        "_doc": "65bdc0f2-c7d5-4b95-8d65-132f5da62456"
    },
    {
        "e": "aggTrade",
        "E": 1712070262850,
        "s": "BTCFDUSD",
        "a": 477809406,
        "p": "65875.92000000",
        "q": "0.00014000",
        "f": 549670990,
        "l": 549670990,
        "T": 1712070262850,
        "m": false,
        "M": true,
        "_doc": "b4978085-798a-4f4a-bb59-0b2d1a698b3f"
    },
    {
        "e": "aggTrade",
        "E": 1712070262850,
        "s": "BTCFDUSD",
        "a": 477809405,
        "p": "65875.77000000",
        "q": "0.00040000",
        "f": 549670989,
        "l": 549670989,
        "T": 1712070262849,
        "m": false,
        "M": true,
        "_doc": "6fbefb6a-c4f3-4101-84d5-bd69fd4cfb4a"
    },
    {
        "e": "aggTrade",
        "E": 1712070262850,
        "s": "BTCFDUSD",
        "a": 477809404,
        "p": "65875.62000000",
        "q": "0.00089000",
        "f": 549670988,
        "l": 549670988,
        "T": 1712070262849,
        "m": false,
        "M": true,
        "_doc": "609e2a21-6738-40da-91b8-a36878b9acb6"
    },
    {
        "e": "aggTrade",
        "E": 1712070262850,
        "s": "BTCFDUSD",
        "a": 477809403,
        "p": "65875.60000000",
        "q": "0.00553000",
        "f": 549670986,
        "l": 549670987,
        "T": 1712070262849,
        "m": false,
        "M": true,
        "_doc": "972a0131-6239-4525-9747-51952504a4ca"
    },
    {
        "e": "aggTrade",
        "E": 1712070262850,
        "s": "BTCFDUSD",
        "a": 477809402,
        "p": "65875.57000000",
        "q": "0.00090000",
        "f": 549670985,
        "l": 549670985,
        "T": 1712070262849,
        "m": false,
        "M": true,
        "_doc": "8f2305a0-d4fe-461a-aad7-1eb20e97217d"
    },
    {
        "e": "aggTrade",
        "E": 1712070262850,
        "s": "BTCFDUSD",
        "a": 477809401,
        "p": "65875.54000000",
        "q": "0.00009000",
        "f": 549670984,
        "l": 549670984,
        "T": 1712070262849,
        "m": false,
        "M": true,
        "_doc": "d70d8135-14c7-47b2-9926-cb4a2f1b4691"
    },
    {
        "e": "aggTrade",
        "E": 1712070262850,
        "s": "BTCFDUSD",
        "a": 477809400,
        "p": "65875.44000000",
        "q": "0.02000000",
        "f": 549670983,
        "l": 549670983,
        "T": 1712070262849,
        "m": false,
        "M": true,
        "_doc": "dd580bf5-a8e2-4649-a9fe-6e55f9b01d16"
    },
    {
        "e": "aggTrade",
        "E": 1712070262849,
        "s": "BTCFDUSD",
        "a": 477809399,
        "p": "65875.54000000",
        "q": "0.00083000",
        "f": 549670982,
        "l": 549670982,
        "T": 1712070262849,
        "m": false,
        "M": true,
        "_doc": "63d69dba-9122-49a5-96e3-ea22b26c5297"
    },
    {
        "e": "aggTrade",
        "E": 1712070262849,
        "s": "BTCFDUSD",
        "a": 477809398,
        "p": "65875.44000000",
        "q": "0.02917000",
        "f": 549670981,
        "l": 549670981,
        "T": 1712070262849,
        "m": false,
        "M": true,
        "_doc": "dc334c90-76ee-4c95-b5dd-fd9a354ce2a8"
    },
    {
        "e": "aggTrade",
        "E": 1712070262847,
        "s": "BTCFDUSD",
        "a": 477809397,
        "p": "65875.45000000",
        "q": "0.00847000",
        "f": 549670980,
        "l": 549670980,
        "T": 1712070262845,
        "m": false,
        "M": true,
        "_doc": "2e2dfd9d-a179-46a2-b173-2c01235bec79"
    },
    {
        "e": "aggTrade",
        "E": 1712070262847,
        "s": "BTCFDUSD",
        "a": 477809396,
        "p": "65875.44000000",
        "q": "0.02000000",
        "f": 549670979,
        "l": 549670979,
        "T": 1712070262845,
        "m": false,
        "M": true,
        "_doc": "a01f0df8-d8a8-4963-bc26-97309646ee07"
    },
    {
        "e": "aggTrade",
        "E": 1712070262828,
        "s": "BTCUSDT",
        "a": 2949808607,
        "p": "65812.04000000",
        "q": "0.05000000",
        "f": 3527716100,
        "l": 3527716100,
        "T": 1712070262827,
        "m": true,
        "M": true,
        "_doc": "e967f9ee-5a68-41fb-9e30-ad2cc99af187"
    },
    {
        "e": "aggTrade",
        "E": 1712070262826,
        "s": "BTCUSDT",
        "a": 2949808606,
        "p": "65812.04000000",
        "q": "0.05000000",
        "f": 3527716099,
        "l": 3527716099,
        "T": 1712070262826,
        "m": true,
        "M": true,
        "_doc": "13c23a0d-feb6-45c9-92b0-45fbf0d37bbc"
    },
    {
        "e": "aggTrade",
        "E": 1712070262823,
        "s": "BTCUSDT",
        "a": 2949808605,
        "p": "65812.04000000",
        "q": "0.04326000",
        "f": 3527716098,
        "l": 3527716098,
        "T": 1712070262822,
        "m": true,
        "M": true,
        "_doc": "04e42c6f-08b7-4b97-95db-db6ea208fb60"
    },
    {
        "e": "aggTrade",
        "E": 1712070262823,
        "s": "BTCUSDT",
        "a": 2949808604,
        "p": "65812.05000000",
        "q": "0.00674000",
        "f": 3527716097,
        "l": 3527716097,
        "T": 1712070262822,
        "m": true,
        "M": true,
        "_doc": "3ed359c8-3b92-49a7-bd64-10c5d67a38bb"
    },
    {
        "e": "aggTrade",
        "E": 1712070262778,
        "s": "BTCFDUSD",
        "a": 477809395,
        "p": "65875.71000000",
        "q": "0.02000000",
        "f": 549670978,
        "l": 549670978,
        "T": 1712070262777,
        "m": false,
        "M": true,
        "_doc": "8229f2c3-0a00-4d74-b165-5c9e71f3c3dd"
    },
    {
        "e": "aggTrade",
        "E": 1712070262776,
        "s": "BTCUSDT",
        "a": 2949808603,
        "p": "65812.06000000",
        "q": "0.02780000",
        "f": 3527716096,
        "l": 3527716096,
        "T": 1712070262775,
        "m": false,
        "M": true,
        "_doc": "57dab3e8-799f-4009-9698-78695d00a565"
    },
    {
        "e": "aggTrade",
        "E": 1712070262773,
        "s": "BTCFDUSD",
        "a": 477809394,
        "p": "65875.72000000",
        "q": "0.01083000",
        "f": 549670977,
        "l": 549670977,
        "T": 1712070262773,
        "m": false,
        "M": true,
        "_doc": "88806f18-4372-4cf1-b7ee-828c5d0ea4fc"
    },
    {
        "e": "aggTrade",
        "E": 1712070262773,
        "s": "BTCFDUSD",
        "a": 477809393,
        "p": "65875.71000000",
        "q": "0.02000000",
        "f": 549670976,
        "l": 549670976,
        "T": 1712070262773,
        "m": false,
        "M": true,
        "_doc": "8a755ec7-90bb-444c-b3e8-d7fab799a46e"
    },
    {
        "e": "aggTrade",
        "E": 1712070262750,
        "s": "BTCFDUSD",
        "a": 477809392,
        "p": "65876.02000000",
        "q": "0.00759000",
        "f": 549670975,
        "l": 549670975,
        "T": 1712070262748,
        "m": true,
        "M": true,
        "_doc": "f6aad411-e17b-4d58-9747-f0d7ab3b83d8"
    },
    {
        "e": "aggTrade",
        "E": 1712070262731,
        "s": "BTCFDUSD",
        "a": 477809391,
        "p": "65876.01000000",
        "q": "0.01830000",
        "f": 549670974,
        "l": 549670974,
        "T": 1712070262730,
        "m": true,
        "M": true,
        "_doc": "d332118e-1407-4efe-be67-019f3e48f19c"
    },
    {
        "e": "aggTrade",
        "E": 1712070262731,
        "s": "BTCFDUSD",
        "a": 477809390,
        "p": "65876.01000000",
        "q": "0.02000000",
        "f": 549670973,
        "l": 549670973,
        "T": 1712070262730,
        "m": true,
        "M": true,
        "_doc": "745e37ea-86cf-4733-8c71-190f6e2dd5a9"
    },
    {
        "e": "aggTrade",
        "E": 1712070262728,
        "s": "BTCUSDT",
        "a": 2949808602,
        "p": "65812.05000000",
        "q": "0.01011000",
        "f": 3527716095,
        "l": 3527716095,
        "T": 1712070262727,
        "m": true,
        "M": true,
        "_doc": "24abe4a9-cccc-4e19-8b8d-bd4000b2a31a"
    },
    {
        "e": "aggTrade",
        "E": 1712070262728,
        "s": "BTCUSDT",
        "a": 2949808601,
        "p": "65812.05000000",
        "q": "0.00337000",
        "f": 3527716094,
        "l": 3527716094,
        "T": 1712070262727,
        "m": true,
        "M": true,
        "_doc": "98700dc3-e80b-47cf-a11e-41b2179eeb5c"
    },
    {
        "e": "aggTrade",
        "E": 1712070262728,
        "s": "BTCUSDT",
        "a": 2949808600,
        "p": "65813.46000000",
        "q": "0.00674000",
        "f": 3527716093,
        "l": 3527716093,
        "T": 1712070262727,
        "m": true,
        "M": true,
        "_doc": "0ff7b54a-c297-4ca7-8898-c54177c9d5e6"
    },
    {
        "e": "aggTrade",
        "E": 1712070262727,
        "s": "BTCFDUSD",
        "a": 477809389,
        "p": "65872.31000000",
        "q": "0.04342000",
        "f": 549670972,
        "l": 549670972,
        "T": 1712070262727,
        "m": true,
        "M": true,
        "_doc": "972b8efc-704c-4066-b081-749b5a0e7f71"
    },
    {
        "e": "aggTrade",
        "E": 1712070262727,
        "s": "BTCFDUSD",
        "a": 477809388,
        "p": "65872.33000000",
        "q": "0.04430000",
        "f": 549670971,
        "l": 549670971,
        "T": 1712070262727,
        "m": true,
        "M": true,
        "_doc": "2885b489-3405-43da-a670-446cf13cb236"
    },
    {
        "e": "aggTrade",
        "E": 1712070262727,
        "s": "BTCFDUSD",
        "a": 477809387,
        "p": "65873.69000000",
        "q": "0.00015000",
        "f": 549670970,
        "l": 549670970,
        "T": 1712070262727,
        "m": true,
        "M": true,
        "_doc": "b55980b2-1c72-4362-bfd9-a7b819ed9f7e"
    },
    {
        "e": "aggTrade",
        "E": 1712070262727,
        "s": "BTCFDUSD",
        "a": 477809386,
        "p": "65873.70000000",
        "q": "0.01818000",
        "f": 549670969,
        "l": 549670969,
        "T": 1712070262727,
        "m": true,
        "M": true,
        "_doc": "c870564a-e192-4b8f-97c3-67e82d140e6e"
    },
    {
        "e": "aggTrade",
        "E": 1712070262721,
        "s": "BTCFDUSD",
        "a": 477809385,
        "p": "65874.55000000",
        "q": "0.01884000",
        "f": 549670968,
        "l": 549670968,
        "T": 1712070262721,
        "m": true,
        "M": true,
        "_doc": "054d2288-17de-433c-93fc-0032b3edb880"
    },
    {
        "e": "aggTrade",
        "E": 1712070262721,
        "s": "BTCFDUSD",
        "a": 477809384,
        "p": "65874.55000000",
        "q": "0.05713000",
        "f": 549670967,
        "l": 549670967,
        "T": 1712070262720,
        "m": true,
        "M": true,
        "_doc": "01e3fcb5-499e-4b47-88d9-f0087e31e39c"
    },
    {
        "e": "aggTrade",
        "E": 1712070262721,
        "s": "BTCFDUSD",
        "a": 477809383,
        "p": "65874.56000000",
        "q": "0.04575000",
        "f": 549670966,
        "l": 549670966,
        "T": 1712070262720,
        "m": true,
        "M": true,
        "_doc": "8a9a0ac2-f4e0-49d3-9d85-1eac3eb66ad9"
    },
    {
        "e": "aggTrade",
        "E": 1712070262721,
        "s": "BTCFDUSD",
        "a": 477809382,
        "p": "65874.57000000",
        "q": "0.00054000",
        "f": 549670965,
        "l": 549670965,
        "T": 1712070262720,
        "m": true,
        "M": true,
        "_doc": "812a2d0a-b958-4e4e-9474-231f53a89d4d"
    },
    {
        "e": "aggTrade",
        "E": 1712070262721,
        "s": "BTCFDUSD",
        "a": 477809381,
        "p": "65876.01000000",
        "q": "0.01830000",
        "f": 549670964,
        "l": 549670964,
        "T": 1712070262720,
        "m": true,
        "M": true,
        "_doc": "a5f579b4-af45-44fd-a850-caf2a64bf61f"
    },
    {
        "e": "aggTrade",
        "E": 1712070262717,
        "s": "BTCFDUSD",
        "a": 477809380,
        "p": "65875.46000000",
        "q": "0.00182000",
        "f": 549670963,
        "l": 549670963,
        "T": 1712070262716,
        "m": false,
        "M": true,
        "_doc": "66de4e15-668c-4b1b-b9b3-94dad40cde31"
    },
    {
        "e": "aggTrade",
        "E": 1712070262717,
        "s": "BTCFDUSD",
        "a": 477809379,
        "p": "65874.90000000",
        "q": "0.02000000",
        "f": 549670962,
        "l": 549670962,
        "T": 1712070262716,
        "m": false,
        "M": true,
        "_doc": "6b1a14d1-fbf4-4b58-8453-e1aab0c68fa3"
    },
    {
        "e": "aggTrade",
        "E": 1712070262716,
        "s": "BTCFDUSD",
        "a": 477809378,
        "p": "65874.91000000",
        "q": "0.00182000",
        "f": 549670961,
        "l": 549670961,
        "T": 1712070262716,
        "m": false,
        "M": true,
        "_doc": "a590e6e6-5b37-43a5-acaa-3f2cb600e1c9"
    },
    {
        "e": "aggTrade",
        "E": 1712070262716,
        "s": "BTCFDUSD",
        "a": 477809377,
        "p": "65874.91000000",
        "q": "0.00182000",
        "f": 549670960,
        "l": 549670960,
        "T": 1712070262715,
        "m": false,
        "M": true,
        "_doc": "5dd8671e-d1c9-4cd2-b417-6a9713abe546"
    },
    {
        "e": "aggTrade",
        "E": 1712070262712,
        "s": "BTCFDUSD",
        "a": 477809376,
        "p": "65875.60000000",
        "q": "0.02000000",
        "f": 549670959,
        "l": 549670959,
        "T": 1712070262711,
        "m": false,
        "M": true,
        "_doc": "5b1a8591-fc7d-4ab0-ad45-b923ba0076a2"
    },
    {
        "e": "aggTrade",
        "E": 1712070262711,
        "s": "BTCFDUSD",
        "a": 477809375,
        "p": "65875.06000000",
        "q": "0.07597000",
        "f": 549670958,
        "l": 549670958,
        "T": 1712070262711,
        "m": true,
        "M": true,
        "_doc": "711574a5-d896-446d-8a3b-849db08f0f79"
    },
    {
        "e": "aggTrade",
        "E": 1712070262711,
        "s": "BTCFDUSD",
        "a": 477809374,
        "p": "65875.07000000",
        "q": "0.04571000",
        "f": 549670957,
        "l": 549670957,
        "T": 1712070262711,
        "m": true,
        "M": true,
        "_doc": "5a342837-ef7d-4fcc-bece-324f48dd0d01"
    },
    {
        "e": "aggTrade",
        "E": 1712070262708,
        "s": "BTCFDUSD",
        "a": 477809373,
        "p": "65875.21000000",
        "q": "0.00012000",
        "f": 549670956,
        "l": 549670956,
        "T": 1712070262708,
        "m": true,
        "M": true,
        "_doc": "61c756e5-5cd4-4195-9f80-d4640a7f793c"
    },
    {
        "e": "aggTrade",
        "E": 1712070262708,
        "s": "BTCFDUSD",
        "a": 477809372,
        "p": "65876.01000000",
        "q": "0.00525000",
        "f": 549670955,
        "l": 549670955,
        "T": 1712070262707,
        "m": true,
        "M": true,
        "_doc": "2fc77d02-3c2d-46ae-a611-4f61618b754b"
    },
    {
        "e": "aggTrade",
        "E": 1712070262699,
        "s": "BTCUSDT",
        "a": 2949808599,
        "p": "65813.46000000",
        "q": "0.05000000",
        "f": 3527716092,
        "l": 3527716092,
        "T": 1712070262699,
        "m": true,
        "M": true,
        "_doc": "280d5519-fa8c-4eed-bfe2-19c862e88bb5"
    },
    {
        "e": "aggTrade",
        "E": 1712070262698,
        "s": "BTCUSDT",
        "a": 2949808598,
        "p": "65813.46000000",
        "q": "0.02300000",
        "f": 3527716091,
        "l": 3527716091,
        "T": 1712070262698,
        "m": true,
        "M": true,
        "_doc": "2e0dac4a-71c7-4674-9fcb-52c7af04f728"
    },
    {
        "e": "aggTrade",
        "E": 1712070262684,
        "s": "BTCUSDT",
        "a": 2949808597,
        "p": "65814.66000000",
        "q": "0.01650000",
        "f": 3527716090,
        "l": 3527716090,
        "T": 1712070262683,
        "m": true,
        "M": true,
        "_doc": "ba2f5642-8bac-40f9-99af-b9113163d79e"
    },
    {
        "e": "aggTrade",
        "E": 1712070262684,
        "s": "BTCUSDT",
        "a": 2949808596,
        "p": "65815.99000000",
        "q": "0.03350000",
        "f": 3527716086,
        "l": 3527716089,
        "T": 1712070262683,
        "m": true,
        "M": true,
        "_doc": "b3433399-e0d3-4d81-8ea5-cc9593827f21"
    },
    {
        "e": "aggTrade",
        "E": 1712070262682,
        "s": "BTCUSDT",
        "a": 2949808595,
        "p": "65815.99000000",
        "q": "0.05000000",
        "f": 3527716085,
        "l": 3527716085,
        "T": 1712070262682,
        "m": true,
        "M": true,
        "_doc": "6afffc76-c323-45e0-8df2-0f302dbbc050"
    },
    {
        "e": "aggTrade",
        "E": 1712070262674,
        "s": "BTCUSDT",
        "a": 2949808594,
        "p": "65816.00000000",
        "q": "0.07658000",
        "f": 3527716083,
        "l": 3527716084,
        "T": 1712070262673,
        "m": false,
        "M": true,
        "_doc": "aeca4645-fcce-42f0-a42a-d31ea2c099f5"
    },
    {
        "e": "aggTrade",
        "E": 1712070262663,
        "s": "BTCFDUSD",
        "a": 477809371,
        "p": "65876.01000000",
        "q": "0.07000000",
        "f": 549670954,
        "l": 549670954,
        "T": 1712070262658,
        "m": true,
        "M": true,
        "_doc": "590a570e-ebeb-4aed-bf0d-351c4dc18bf4"
    },
    {
        "e": "aggTrade",
        "E": 1712070262663,
        "s": "BTCFDUSD",
        "a": 477809370,
        "p": "65876.41000000",
        "q": "0.03000000",
        "f": 549670953,
        "l": 549670953,
        "T": 1712070262658,
        "m": true,
        "M": true,
        "_doc": "ee53bef9-ea36-4923-a8a2-ff311c44a606"
    },
    {
        "e": "aggTrade",
        "E": 1712070262661,
        "s": "BTCFDUSD",
        "a": 477809369,
        "p": "65876.50000000",
        "q": "0.02872000",
        "f": 549670952,
        "l": 549670952,
        "T": 1712070262656,
        "m": false,
        "M": true,
        "_doc": "277262e6-b076-4d6c-a6a9-e4c3722c9b71"
    },
    {
        "e": "aggTrade",
        "E": 1712070262655,
        "s": "BTCFDUSD",
        "a": 477809368,
        "p": "65877.16000000",
        "q": "0.00128000",
        "f": 549670951,
        "l": 549670951,
        "T": 1712070262651,
        "m": true,
        "M": true,
        "_doc": "d4c4adc4-89c1-49bc-a042-76f2e5b17187"
    },
    {
        "e": "aggTrade",
        "E": 1712070262655,
        "s": "BTCFDUSD",
        "a": 477809367,
        "p": "65877.15000000",
        "q": "0.04000000",
        "f": 549670950,
        "l": 549670950,
        "T": 1712070262650,
        "m": true,
        "M": true,
        "_doc": "2a3ca665-4e25-4aeb-9245-7eb63cafcdfa"
    },
    {
        "e": "aggTrade",
        "E": 1712070262653,
        "s": "BTCFDUSD",
        "a": 477809366,
        "p": "65877.15000000",
        "q": "0.03508000",
        "f": 549670949,
        "l": 549670949,
        "T": 1712070262650,
        "m": true,
        "M": true,
        "_doc": "bc5f8599-26db-477f-97c7-a43f3972d0f1"
    },
    {
        "e": "aggTrade",
        "E": 1712070262653,
        "s": "BTCFDUSD",
        "a": 477809365,
        "p": "65877.88000000",
        "q": "0.00960000",
        "f": 549670948,
        "l": 549670948,
        "T": 1712070262650,
        "m": true,
        "M": true,
        "_doc": "1aacdf4e-901f-427d-a1e2-ce30044e82a5"
    },
    {
        "e": "aggTrade",
        "E": 1712070262653,
        "s": "BTCFDUSD",
        "a": 477809364,
        "p": "65877.88000000",
        "q": "0.03040000",
        "f": 549670947,
        "l": 549670947,
        "T": 1712070262650,
        "m": true,
        "M": true,
        "_doc": "176fbc75-e618-465a-bb5b-e1bf0f53543c"
    },
    {
        "e": "aggTrade",
        "E": 1712070262650,
        "s": "BTCFDUSD",
        "a": 477809363,
        "p": "65880.04000000",
        "q": "0.02000000",
        "f": 549670946,
        "l": 549670946,
        "T": 1712070262649,
        "m": false,
        "M": true,
        "_doc": "910bcf0d-7aae-47e8-b50e-0ffecf43da69"
    },
    {
        "e": "aggTrade",
        "E": 1712070262650,
        "s": "BTCFDUSD",
        "a": 477809362,
        "p": "65879.54000000",
        "q": "0.00020000",
        "f": 549670945,
        "l": 549670945,
        "T": 1712070262649,
        "m": false,
        "M": true,
        "_doc": "e3139a69-85d2-4713-a412-227eb37c68f5"
    },
    {
        "e": "aggTrade",
        "E": 1712070262649,
        "s": "BTCFDUSD",
        "a": 477809361,
        "p": "65879.54000000",
        "q": "0.03030000",
        "f": 549670944,
        "l": 549670944,
        "T": 1712070262649,
        "m": false,
        "M": true,
        "_doc": "af2aa9b7-a569-4ba6-9dd8-9e9f4403ef76"
    },
    {
        "e": "aggTrade",
        "E": 1712070262649,
        "s": "BTCFDUSD",
        "a": 477809360,
        "p": "65878.64000000",
        "q": "0.03452000",
        "f": 549670943,
        "l": 549670943,
        "T": 1712070262648,
        "m": true,
        "M": true,
        "_doc": "3aae96a5-cc2e-4b92-9baa-5cb9a2b5bf25"
    },
    {
        "e": "aggTrade",
        "E": 1712070262648,
        "s": "BTCFDUSD",
        "a": 477809359,
        "p": "65880.05000000",
        "q": "0.03030000",
        "f": 549670942,
        "l": 549670942,
        "T": 1712070262647,
        "m": false,
        "M": true,
        "_doc": "08a658ca-2f23-4f13-b5f4-29796fd260a1"
    },
    {
        "e": "aggTrade",
        "E": 1712070262648,
        "s": "BTCFDUSD",
        "a": 477809358,
        "p": "65878.64000000",
        "q": "0.06633000",
        "f": 549670941,
        "l": 549670941,
        "T": 1712070262647,
        "m": true,
        "M": true,
        "_doc": "0f6f4d37-2cb2-430f-aaf9-866f840eae44"
    },
    {
        "e": "aggTrade",
        "E": 1712070262648,
        "s": "BTCFDUSD",
        "a": 477809357,
        "p": "65879.61000000",
        "q": "0.00015000",
        "f": 549670940,
        "l": 549670940,
        "T": 1712070262647,
        "m": true,
        "M": true,
        "_doc": "dd093335-7b77-403e-9b22-bd6b3bdf6b1e"
    },
    {
        "e": "aggTrade",
        "E": 1712070262648,
        "s": "BTCFDUSD",
        "a": 477809356,
        "p": "65880.00000000",
        "q": "0.00061000",
        "f": 549670939,
        "l": 549670939,
        "T": 1712070262647,
        "m": true,
        "M": true,
        "_doc": "1c125672-7d99-4ba2-998d-1172d2e93465"
    },
    {
        "e": "aggTrade",
        "E": 1712070262646,
        "s": "BTCFDUSD",
        "a": 477809355,
        "p": "65880.05000000",
        "q": "0.00014000",
        "f": 549670938,
        "l": 549670938,
        "T": 1712070262645,
        "m": false,
        "M": true,
        "_doc": "7d6bf314-0a1a-4b9a-9dc8-84d9de18e56f"
    },
    {
        "e": "aggTrade",
        "E": 1712070262646,
        "s": "BTCFDUSD",
        "a": 477809354,
        "p": "65880.13000000",
        "q": "0.00046000",
        "f": 549670937,
        "l": 549670937,
        "T": 1712070262645,
        "m": true,
        "M": true,
        "_doc": "cb05cf92-e20d-4e33-9476-14913e5aa10a"
    },
    {
        "e": "aggTrade",
        "E": 1712070262645,
        "s": "BTCFDUSD",
        "a": 477809353,
        "p": "65880.59000000",
        "q": "0.08492000",
        "f": 549670936,
        "l": 549670936,
        "T": 1712070262644,
        "m": true,
        "M": true,
        "_doc": "35d729b8-065a-49d3-9811-5f507cfd7089"
    },
    {
        "e": "aggTrade",
        "E": 1712070262645,
        "s": "BTCFDUSD",
        "a": 477809352,
        "p": "65880.80000000",
        "q": "0.10704000",
        "f": 549670935,
        "l": 549670935,
        "T": 1712070262644,
        "m": true,
        "M": true,
        "_doc": "a782fc12-eb9d-46e2-8aca-3fd4e9c170d8"
    },
    {
        "e": "aggTrade",
        "E": 1712070262645,
        "s": "BTCFDUSD",
        "a": 477809351,
        "p": "65880.82000000",
        "q": "0.00090000",
        "f": 549670934,
        "l": 549670934,
        "T": 1712070262644,
        "m": true,
        "M": true,
        "_doc": "bbdd08c8-f23e-4aa5-b01c-96d62edbf972"
    },
    {
        "e": "aggTrade",
        "E": 1712070262645,
        "s": "BTCFDUSD",
        "a": 477809350,
        "p": "65880.83000000",
        "q": "0.00220000",
        "f": 549670932,
        "l": 549670933,
        "T": 1712070262644,
        "m": true,
        "M": true,
        "_doc": "a0126b69-043e-46cc-a0a7-364ebabb5d75"
    },
    {
        "e": "aggTrade",
        "E": 1712070262294,
        "s": "BTCUSDT",
        "a": 2949808593,
        "p": "65815.99000000",
        "q": "0.05000000",
        "f": 3527716081,
        "l": 3527716082,
        "T": 1712070262294,
        "m": true,
        "M": true,
        "_doc": "40405bc3-0361-4b95-9f87-073e3437c929"
    },
    {
        "e": "aggTrade",
        "E": 1712070262273,
        "s": "BTCFDUSD",
        "a": 477809349,
        "p": "65884.02000000",
        "q": "0.02000000",
        "f": 549670931,
        "l": 549670931,
        "T": 1712070262273,
        "m": false,
        "M": true,
        "_doc": "c5a18652-568e-40bd-aef6-f013e80cd642"
    },
    {
        "e": "aggTrade",
        "E": 1712070262267,
        "s": "BTCFDUSD",
        "a": 477809348,
        "p": "65883.68000000",
        "q": "0.00010000",
        "f": 549670930,
        "l": 549670930,
        "T": 1712070262266,
        "m": true,
        "M": true,
        "_doc": "ff08140e-da73-4ed4-9699-fe3ac6d276bd"
    },
    {
        "e": "aggTrade",
        "E": 1712070262262,
        "s": "BTCFDUSD",
        "a": 477809347,
        "p": "65880.00000000",
        "q": "0.03990000",
        "f": 549670929,
        "l": 549670929,
        "T": 1712070262261,
        "m": true,
        "M": true,
        "_doc": "30fe42fa-5368-489a-8c47-5705108eaf25"
    },
    {
        "e": "aggTrade",
        "E": 1712070262262,
        "s": "BTCFDUSD",
        "a": 477809346,
        "p": "65883.71000000",
        "q": "0.04000000",
        "f": 549670928,
        "l": 549670928,
        "T": 1712070262261,
        "m": true,
        "M": true,
        "_doc": "e55ec10b-5357-4cd2-a70d-be5bd504a7b3"
    },
    {
        "e": "aggTrade",
        "E": 1712070262262,
        "s": "BTCFDUSD",
        "a": 477809345,
        "p": "65883.76000000",
        "q": "0.00010000",
        "f": 549670927,
        "l": 549670927,
        "T": 1712070262261,
        "m": true,
        "M": true,
        "_doc": "db6bc837-bcce-44c5-b639-b0fd8cbc6d6d"
    },
    {
        "e": "aggTrade",
        "E": 1712070262262,
        "s": "BTCFDUSD",
        "a": 477809344,
        "p": "65885.45000000",
        "q": "0.02000000",
        "f": 549670926,
        "l": 549670926,
        "T": 1712070262261,
        "m": true,
        "M": true,
        "_doc": "70f5ae60-c02b-43f9-bee9-08ae4ffa6425"
    },
    {
        "e": "aggTrade",
        "E": 1712070262260,
        "s": "BTCFDUSD",
        "a": 477809343,
        "p": "65884.44000000",
        "q": "0.00014000",
        "f": 549670925,
        "l": 549670925,
        "T": 1712070262259,
        "m": true,
        "M": true,
        "_doc": "0679cd32-c8cb-4cd9-b69d-b902cfc18d7c"
    },
    {
        "e": "aggTrade",
        "E": 1712070262260,
        "s": "BTCFDUSD",
        "a": 477809342,
        "p": "65884.50000000",
        "q": "0.24850000",
        "f": 549670924,
        "l": 549670924,
        "T": 1712070262259,
        "m": true,
        "M": true,
        "_doc": "37a240c7-f937-481d-961b-8a8f1a8a2eaf"
    },
    {
        "e": "aggTrade",
        "E": 1712070262260,
        "s": "BTCFDUSD",
        "a": 477809341,
        "p": "65885.32000000",
        "q": "0.00243000",
        "f": 549670923,
        "l": 549670923,
        "T": 1712070262259,
        "m": true,
        "M": true,
        "_doc": "8fa0a4a2-2be3-4fc1-887e-b43c89ccb417"
    },
    {
        "e": "aggTrade",
        "E": 1712070262259,
        "s": "BTCFDUSD",
        "a": 477809340,
        "p": "65885.46000000",
        "q": "0.00018000",
        "f": 549670922,
        "l": 549670922,
        "T": 1712070262258,
        "m": true,
        "M": true,
        "_doc": "9c4e4b9c-2870-46cd-a685-e8649f439584"
    },
    {
        "e": "aggTrade",
        "E": 1712070262259,
        "s": "BTCFDUSD",
        "a": 477809339,
        "p": "65886.12000000",
        "q": "0.00010000",
        "f": 549670921,
        "l": 549670921,
        "T": 1712070262258,
        "m": true,
        "M": true,
        "_doc": "08c249f6-0ebc-48fd-95cd-0bdcba5cabbf"
    },
    {
        "e": "aggTrade",
        "E": 1712070262259,
        "s": "BTCFDUSD",
        "a": 477809338,
        "p": "65886.46000000",
        "q": "0.00010000",
        "f": 549670920,
        "l": 549670920,
        "T": 1712070262258,
        "m": true,
        "M": true,
        "_doc": "117d3969-4289-4ee4-954e-3dc9f1117eeb"
    },
    {
        "e": "aggTrade",
        "E": 1712070262259,
        "s": "BTCFDUSD",
        "a": 477809337,
        "p": "65886.56000000",
        "q": "0.03040000",
        "f": 549670918,
        "l": 549670919,
        "T": 1712070262258,
        "m": true,
        "M": true,
        "_doc": "2c090df2-1f0c-4cf6-9cb5-afc089e9d287"
    },
    {
        "e": "aggTrade",
        "E": 1712070262259,
        "s": "BTCFDUSD",
        "a": 477809336,
        "p": "65886.69000000",
        "q": "0.01265000",
        "f": 549670917,
        "l": 549670917,
        "T": 1712070262258,
        "m": true,
        "M": true,
        "_doc": "6e1b53b9-2f8f-41b1-8e27-e6e65bf49abc"
    },
    {
        "e": "aggTrade",
        "E": 1712070262259,
        "s": "BTCFDUSD",
        "a": 477809335,
        "p": "65886.69000000",
        "q": "0.01735000",
        "f": 549670916,
        "l": 549670916,
        "T": 1712070262258,
        "m": true,
        "M": true,
        "_doc": "ca3835b6-dd96-41df-b079-49d87c906da2"
    },
    {
        "e": "aggTrade",
        "E": 1712070262259,
        "s": "BTCFDUSD",
        "a": 477809334,
        "p": "65886.70000000",
        "q": "0.02000000",
        "f": 549670915,
        "l": 549670915,
        "T": 1712070262258,
        "m": true,
        "M": true,
        "_doc": "0e6fed76-408a-4155-b8e3-51cea33e6bd1"
    },
    {
        "e": "aggTrade",
        "E": 1712070262125,
        "s": "BTCFDUSD",
        "a": 477809333,
        "p": "65890.31000000",
        "q": "0.00108000",
        "f": 549670914,
        "l": 549670914,
        "T": 1712070262124,
        "m": false,
        "M": true,
        "_doc": "9d8532a8-d0c7-4084-bb6b-b2980b515d93"
    },
    {
        "e": "aggTrade",
        "E": 1712070262100,
        "s": "BTCFDUSD",
        "a": 477809332,
        "p": "65888.92000000",
        "q": "0.02284000",
        "f": 549670913,
        "l": 549670913,
        "T": 1712070262100,
        "m": true,
        "M": true,
        "_doc": "494da7d1-c405-4bed-9b2e-51be66a57e5a"
    },
    {
        "e": "aggTrade",
        "E": 1712070262078,
        "s": "BTCFDUSD",
        "a": 477809331,
        "p": "65890.32000000",
        "q": "0.00294000",
        "f": 549670912,
        "l": 549670912,
        "T": 1712070262078,
        "m": false,
        "M": true,
        "_doc": "974c1b09-784b-49c5-bc18-3ffb4cd2c4ae"
    },
    {
        "e": "aggTrade",
        "E": 1712070262046,
        "s": "BTCFDUSD",
        "a": 477809330,
        "p": "65889.30000000",
        "q": "0.01340000",
        "f": 549670911,
        "l": 549670911,
        "T": 1712070262045,
        "m": true,
        "M": true,
        "_doc": "07dab35c-85ee-4126-9836-446995fe992a"
    },
    {
        "e": "aggTrade",
        "E": 1712070262042,
        "s": "BTCFDUSD",
        "a": 477809329,
        "p": "65888.91000000",
        "q": "0.02000000",
        "f": 549670910,
        "l": 549670910,
        "T": 1712070262041,
        "m": false,
        "M": true,
        "_doc": "6203f587-9f8d-4bf6-a119-b5fae08a8261"
    },
    {
        "e": "aggTrade",
        "E": 1712070261954,
        "s": "BTCUSDT",
        "a": 2949808592,
        "p": "65816.00000000",
        "q": "0.00117000",
        "f": 3527716080,
        "l": 3527716080,
        "T": 1712070261954,
        "m": false,
        "M": true,
        "_doc": "75208fa1-aa81-4b4c-bf3e-13e3b85e24d2"
    },
    {
        "e": "aggTrade",
        "E": 1712070261916,
        "s": "BTCFDUSD",
        "a": 477809328,
        "p": "65890.47000000",
        "q": "0.00345000",
        "f": 549670909,
        "l": 549670909,
        "T": 1712070261915,
        "m": false,
        "M": true,
        "_doc": "8403fc12-a7c7-46f9-9f91-702c95713fcb"
    },
    {
        "e": "aggTrade",
        "E": 1712070261916,
        "s": "BTCFDUSD",
        "a": 477809327,
        "p": "65890.00000000",
        "q": "0.00014000",
        "f": 549670908,
        "l": 549670908,
        "T": 1712070261915,
        "m": false,
        "M": true,
        "_doc": "f42bb5f4-ecb9-44a0-a0e2-ab84e1e730de"
    },
    {
        "e": "aggTrade",
        "E": 1712070261916,
        "s": "BTCFDUSD",
        "a": 477809326,
        "p": "65889.52000000",
        "q": "0.00010000",
        "f": 549670907,
        "l": 549670907,
        "T": 1712070261915,
        "m": false,
        "M": true,
        "_doc": "6d51a5f7-d4df-4b79-9755-36d48d4c2c97"
    },
    {
        "e": "aggTrade",
        "E": 1712070261916,
        "s": "BTCFDUSD",
        "a": 477809325,
        "p": "65888.80000000",
        "q": "0.00010000",
        "f": 549670906,
        "l": 549670906,
        "T": 1712070261915,
        "m": false,
        "M": true,
        "_doc": "810a4d4a-dd83-40d8-abc2-ac31c0c93ba2"
    },
    {
        "e": "aggTrade",
        "E": 1712070261885,
        "s": "BTCUSDT",
        "a": 2949808591,
        "p": "65815.99000000",
        "q": "0.01962000",
        "f": 3527716079,
        "l": 3527716079,
        "T": 1712070261885,
        "m": true,
        "M": true,
        "_doc": "4538d139-a68f-4c57-9cc7-c72bedd3a4f0"
    },
    {
        "e": "aggTrade",
        "E": 1712070261863,
        "s": "BTCFDUSD",
        "a": 477809324,
        "p": "65888.76000000",
        "q": "0.07596000",
        "f": 549670905,
        "l": 549670905,
        "T": 1712070261863,
        "m": false,
        "M": true,
        "_doc": "3f8328bf-9021-4d25-a252-284348644861"
    },
    {
        "e": "aggTrade",
        "E": 1712070261863,
        "s": "BTCFDUSD",
        "a": 477809323,
        "p": "65888.75000000",
        "q": "0.02000000",
        "f": 549670904,
        "l": 549670904,
        "T": 1712070261863,
        "m": false,
        "M": true,
        "_doc": "a0f0bcae-4a36-4155-b3ac-d5f947a3b475"
    },
    {
        "e": "aggTrade",
        "E": 1712070261849,
        "s": "BTCFDUSD",
        "a": 477809322,
        "p": "65888.80000000",
        "q": "0.04000000",
        "f": 549670903,
        "l": 549670903,
        "T": 1712070261848,
        "m": false,
        "M": true,
        "_doc": "49243554-99fa-4731-ab0c-6f299ff922a3"
    },
    {
        "e": "aggTrade",
        "E": 1712070261848,
        "s": "BTCFDUSD",
        "a": 477809321,
        "p": "65888.80000000",
        "q": "0.02000000",
        "f": 549670902,
        "l": 549670902,
        "T": 1712070261848,
        "m": false,
        "M": true,
        "_doc": "08e5a318-9a34-4cd3-9312-79d9fb1a95dc"
    },
    {
        "e": "aggTrade",
        "E": 1712070261847,
        "s": "BTCFDUSD",
        "a": 477809320,
        "p": "65889.06000000",
        "q": "0.00441000",
        "f": 549670901,
        "l": 549670901,
        "T": 1712070261846,
        "m": false,
        "M": true,
        "_doc": "5631b7e6-9210-4cfe-81eb-904d350b24b7"
    },
    {
        "e": "aggTrade",
        "E": 1712070261846,
        "s": "BTCFDUSD",
        "a": 477809319,
        "p": "65885.06000000",
        "q": "0.01290000",
        "f": 549670900,
        "l": 549670900,
        "T": 1712070261846,
        "m": true,
        "M": true,
        "_doc": "00c9b41d-de3c-4242-badd-e515770cfd15"
    },
    {
        "e": "aggTrade",
        "E": 1712070261846,
        "s": "BTCFDUSD",
        "a": 477809318,
        "p": "65885.07000000",
        "q": "0.01428000",
        "f": 549670899,
        "l": 549670899,
        "T": 1712070261846,
        "m": true,
        "M": true,
        "_doc": "548b3ccb-c057-459b-825a-20426490f325"
    },
    {
        "e": "aggTrade",
        "E": 1712070261846,
        "s": "BTCFDUSD",
        "a": 477809317,
        "p": "65885.08000000",
        "q": "0.04000000",
        "f": 549670898,
        "l": 549670898,
        "T": 1712070261846,
        "m": true,
        "M": true,
        "_doc": "b9c8cbc7-177a-4d13-9f9c-a51840aa56a6"
    },
    {
        "e": "aggTrade",
        "E": 1712070261844,
        "s": "BTCFDUSD",
        "a": 477809316,
        "p": "65888.93000000",
        "q": "0.02000000",
        "f": 549670897,
        "l": 549670897,
        "T": 1712070261843,
        "m": false,
        "M": true,
        "_doc": "89f3a7e6-9280-42de-9d1f-cd80e006acc0"
    },
    {
        "e": "aggTrade",
        "E": 1712070261840,
        "s": "BTCUSDT",
        "a": 2949808590,
        "p": "65816.00000000",
        "q": "0.01575000",
        "f": 3527716078,
        "l": 3527716078,
        "T": 1712070261840,
        "m": false,
        "M": true,
        "_doc": "60e96e26-753b-4061-a893-ba6ece070527"
    },
    {
        "e": "aggTrade",
        "E": 1712070261705,
        "s": "BTCUSDT",
        "a": 2949808589,
        "p": "65815.99000000",
        "q": "0.00183000",
        "f": 3527716077,
        "l": 3527716077,
        "T": 1712070261705,
        "m": true,
        "M": true,
        "_doc": "c19f69fe-62d3-4fdb-a30a-ff5fc6586e56"
    },
    {
        "e": "aggTrade",
        "E": 1712070261549,
        "s": "BTCFDUSD",
        "a": 477809315,
        "p": "65884.92000000",
        "q": "0.02000000",
        "f": 549670896,
        "l": 549670896,
        "T": 1712070261549,
        "m": true,
        "M": true,
        "_doc": "79b458c2-71a1-4ec9-841a-599d0c02834a"
    },
    {
        "e": "aggTrade",
        "E": 1712070261461,
        "s": "BTCUSDT",
        "a": 2949808588,
        "p": "65816.00000000",
        "q": "0.00297000",
        "f": 3527716076,
        "l": 3527716076,
        "T": 1712070261460,
        "m": false,
        "M": true,
        "_doc": "c1fce5f2-4356-4d1a-89d1-b067826c131a"
    },
    {
        "e": "aggTrade",
        "E": 1712070261394,
        "s": "BTCFDUSD",
        "a": 477809314,
        "p": "65884.79000000",
        "q": "0.01820000",
        "f": 549670895,
        "l": 549670895,
        "T": 1712070261393,
        "m": true,
        "M": true,
        "_doc": "b91b209b-fa0b-477b-b765-9e39507a8e30"
    },
    {
        "e": "aggTrade",
        "E": 1712070261394,
        "s": "BTCFDUSD",
        "a": 477809313,
        "p": "65884.80000000",
        "q": "0.00180000",
        "f": 549670894,
        "l": 549670894,
        "T": 1712070261393,
        "m": true,
        "M": true,
        "_doc": "1c6bfbb0-9e14-4746-bef3-2f02560d0225"
    },
    {
        "e": "aggTrade",
        "E": 1712070261366,
        "s": "BTCFDUSD",
        "a": 477809312,
        "p": "65888.96000000",
        "q": "0.06065000",
        "f": 549670893,
        "l": 549670893,
        "T": 1712070261365,
        "m": false,
        "M": true,
        "_doc": "af77d07a-eeca-432f-a78a-14bc549adf40"
    },
    {
        "e": "aggTrade",
        "E": 1712070261366,
        "s": "BTCFDUSD",
        "a": 477809311,
        "p": "65888.96000000",
        "q": "0.19111000",
        "f": 549670892,
        "l": 549670892,
        "T": 1712070261365,
        "m": false,
        "M": true,
        "_doc": "3a7aea6c-8771-4a0a-9559-90997e40ea8c"
    },
    {
        "e": "aggTrade",
        "E": 1712070261366,
        "s": "BTCFDUSD",
        "a": 477809310,
        "p": "65888.94000000",
        "q": "0.00092000",
        "f": 549670891,
        "l": 549670891,
        "T": 1712070261365,
        "m": false,
        "M": true,
        "_doc": "add9dcb4-dd94-40a4-bcec-f60275887304"
    },
    {
        "e": "aggTrade",
        "E": 1712070261366,
        "s": "BTCFDUSD",
        "a": 477809309,
        "p": "65888.93000000",
        "q": "0.00088000",
        "f": 549670890,
        "l": 549670890,
        "T": 1712070261365,
        "m": false,
        "M": true,
        "_doc": "9a835f93-cb4c-49d3-85bc-c26760df0857"
    },
    {
        "e": "aggTrade",
        "E": 1712070261364,
        "s": "BTCFDUSD",
        "a": 477809308,
        "p": "65888.81000000",
        "q": "0.02000000",
        "f": 549670889,
        "l": 549670889,
        "T": 1712070261363,
        "m": false,
        "M": true,
        "_doc": "0d0b6aaf-cc40-4f84-98bf-26549eda294e"
    },
    {
        "e": "aggTrade",
        "E": 1712070261344,
        "s": "BTCFDUSD",
        "a": 477809307,
        "p": "65884.67000000",
        "q": "0.00569000",
        "f": 549670888,
        "l": 549670888,
        "T": 1712070261343,
        "m": true,
        "M": true,
        "_doc": "17c57345-c4da-4210-96fb-2619a267d3e1"
    },
    {
        "e": "aggTrade",
        "E": 1712070261326,
        "s": "BTCFDUSD",
        "a": 477809306,
        "p": "65888.16000000",
        "q": "0.02000000",
        "f": 549670887,
        "l": 549670887,
        "T": 1712070261325,
        "m": false,
        "M": true,
        "_doc": "2beb5cb0-cd26-42e3-b911-b2c0417676e0"
    },
    {
        "e": "aggTrade",
        "E": 1712070261323,
        "s": "BTCFDUSD",
        "a": 477809305,
        "p": "65888.17000000",
        "q": "0.02000000",
        "f": 549670886,
        "l": 549670886,
        "T": 1712070261322,
        "m": false,
        "M": true,
        "_doc": "ecbac72c-ce89-4370-8533-83f7d26dd264"
    },
    {
        "e": "aggTrade",
        "E": 1712070261279,
        "s": "BTCUSDT",
        "a": 2949808587,
        "p": "65816.00000000",
        "q": "0.00154000",
        "f": 3527716075,
        "l": 3527716075,
        "T": 1712070261279,
        "m": false,
        "M": true,
        "_doc": "f2f1d3bd-9be5-4eae-9494-1e4a2357439d"
    },
    {
        "e": "aggTrade",
        "E": 1712070261265,
        "s": "BTCUSDT",
        "a": 2949808586,
        "p": "65816.00000000",
        "q": "0.00011000",
        "f": 3527716074,
        "l": 3527716074,
        "T": 1712070261264,
        "m": false,
        "M": true,
        "_doc": "a37659c4-297b-400a-ab42-10b48bc25630"
    },
    {
        "e": "aggTrade",
        "E": 1712070261112,
        "s": "BTCFDUSD",
        "a": 477809304,
        "p": "65885.09000000",
        "q": "0.00003000",
        "f": 549670885,
        "l": 549670885,
        "T": 1712070261111,
        "m": false,
        "M": true,
        "_doc": "27f8c28c-f5a0-4595-904e-7e351282e380"
    },
    {
        "e": "aggTrade",
        "E": 1712070261112,
        "s": "BTCFDUSD",
        "a": 477809303,
        "p": "65885.09000000",
        "q": "0.00097000",
        "f": 549670884,
        "l": 549670884,
        "T": 1712070261111,
        "m": false,
        "M": true,
        "_doc": "196489fa-478e-4018-98fc-4ab8280d6785"
    },
    {
        "e": "aggTrade",
        "E": 1712070260848,
        "s": "BTCFDUSD",
        "a": 477809302,
        "p": "65884.59000000",
        "q": "0.00010000",
        "f": 549670883,
        "l": 549670883,
        "T": 1712070260847,
        "m": true,
        "M": true,
        "_doc": "e7dac971-feac-4cf3-bd58-401efdda2807"
    },
    {
        "e": "aggTrade",
        "E": 1712070260846,
        "s": "BTCFDUSD",
        "a": 477809301,
        "p": "65884.30000000",
        "q": "0.00014000",
        "f": 549670882,
        "l": 549670882,
        "T": 1712070260845,
        "m": true,
        "M": true,
        "_doc": "b3938824-af34-4e99-9b47-a796587db09b"
    },
    {
        "e": "aggTrade",
        "E": 1712070260846,
        "s": "BTCFDUSD",
        "a": 477809300,
        "p": "65884.58000000",
        "q": "0.01990000",
        "f": 549670881,
        "l": 549670881,
        "T": 1712070260845,
        "m": true,
        "M": true,
        "_doc": "a3950501-6449-4f22-95ff-f7391badd250"
    },
    {
        "e": "aggTrade",
        "E": 1712070260844,
        "s": "BTCFDUSD",
        "a": 477809299,
        "p": "65884.58000000",
        "q": "0.02441000",
        "f": 549670879,
        "l": 549670880,
        "T": 1712070260843,
        "m": true,
        "M": true,
        "_doc": "a51e4096-9618-4983-9498-3440e62e153e"
    },
    {
        "e": "aggTrade",
        "E": 1712070260844,
        "s": "BTCFDUSD",
        "a": 477809298,
        "p": "65884.73000000",
        "q": "0.02000000",
        "f": 549670878,
        "l": 549670878,
        "T": 1712070260843,
        "m": true,
        "M": true,
        "_doc": "873872be-25d6-4b9b-ad5e-5d9f500f2acf"
    },
    {
        "e": "aggTrade",
        "E": 1712070260843,
        "s": "BTCFDUSD",
        "a": 477809297,
        "p": "65884.58000000",
        "q": "0.01469000",
        "f": 549670877,
        "l": 549670877,
        "T": 1712070260842,
        "m": true,
        "M": true,
        "_doc": "3b005c36-3553-43f0-a323-2433f4b43cc9"
    },
    {
        "e": "aggTrade",
        "E": 1712070260843,
        "s": "BTCFDUSD",
        "a": 477809296,
        "p": "65884.70000000",
        "q": "0.02000000",
        "f": 549670876,
        "l": 549670876,
        "T": 1712070260842,
        "m": true,
        "M": true,
        "_doc": "2781019f-f172-4086-a380-e21469f3b9a9"
    },
    {
        "e": "aggTrade",
        "E": 1712070260843,
        "s": "BTCFDUSD",
        "a": 477809295,
        "p": "65884.71000000",
        "q": "0.00419000",
        "f": 549670875,
        "l": 549670875,
        "T": 1712070260842,
        "m": true,
        "M": true,
        "_doc": "45397e50-9f11-48a2-a487-7fde11b4a4b6"
    },
    {
        "e": "aggTrade",
        "E": 1712070260843,
        "s": "BTCFDUSD",
        "a": 477809294,
        "p": "65884.72000000",
        "q": "0.04431000",
        "f": 549670874,
        "l": 549670874,
        "T": 1712070260842,
        "m": true,
        "M": true,
        "_doc": "5a3272dc-84f7-4785-8808-d3f73a618db1"
    },
    {
        "e": "aggTrade",
        "E": 1712070260770,
        "s": "BTCUSDT",
        "a": 2949808585,
        "p": "65816.00000000",
        "q": "0.00009000",
        "f": 3527716073,
        "l": 3527716073,
        "T": 1712070260769,
        "m": false,
        "M": true,
        "_doc": "dbe64400-b4ff-4b3f-a1ba-28000bac9559"
    },
    {
        "e": "aggTrade",
        "E": 1712070260764,
        "s": "BTCUSDT",
        "a": 2949808584,
        "p": "65815.99000000",
        "q": "0.00090000",
        "f": 3527716072,
        "l": 3527716072,
        "T": 1712070260763,
        "m": true,
        "M": true,
        "_doc": "ecfd7097-746f-4408-859e-db9619be18ae"
    },
    {
        "e": "aggTrade",
        "E": 1712070260761,
        "s": "BTCFDUSD",
        "a": 477809293,
        "p": "65884.71000000",
        "q": "0.00012000",
        "f": 549670873,
        "l": 549670873,
        "T": 1712070260760,
        "m": true,
        "M": true,
        "_doc": "9836af45-9198-4013-82d8-269e80e9d59d"
    },
    {
        "e": "aggTrade",
        "E": 1712070260652,
        "s": "BTCUSDT",
        "a": 2949808583,
        "p": "65815.99000000",
        "q": "0.05000000",
        "f": 3527716071,
        "l": 3527716071,
        "T": 1712070260651,
        "m": true,
        "M": true,
        "_doc": "a2943c26-2223-4c16-bb32-c7b47ca6bef0"
    },
    {
        "e": "aggTrade",
        "E": 1712070260601,
        "s": "BTCFDUSD",
        "a": 477809292,
        "p": "65887.56000000",
        "q": "0.00184000",
        "f": 549670872,
        "l": 549670872,
        "T": 1712070260601,
        "m": true,
        "M": true,
        "_doc": "c56b4e02-fb3b-4c33-a0ec-634b149acd15"
    },
    {
        "e": "aggTrade",
        "E": 1712070260600,
        "s": "BTCFDUSD",
        "a": 477809291,
        "p": "65887.38000000",
        "q": "0.03160000",
        "f": 549670871,
        "l": 549670871,
        "T": 1712070260599,
        "m": true,
        "M": true,
        "_doc": "c5850b6f-ab46-4a44-9985-800e64b43ebd"
    },
    {
        "e": "aggTrade",
        "E": 1712070260598,
        "s": "BTCFDUSD",
        "a": 477809290,
        "p": "65887.46000000",
        "q": "0.00179000",
        "f": 549670870,
        "l": 549670870,
        "T": 1712070260597,
        "m": false,
        "M": true,
        "_doc": "6f84385a-1c91-492f-8a8c-d832d96b9936"
    },
    {
        "e": "aggTrade",
        "E": 1712070260597,
        "s": "BTCUSDC",
        "a": 70600435,
        "p": "65809.99000000",
        "q": "0.00020000",
        "f": 74083722,
        "l": 74083723,
        "T": 1712070260597,
        "m": false,
        "M": true,
        "_doc": "b9a0256e-a831-498b-b69f-7246b27200e2"
    },
    {
        "e": "aggTrade",
        "E": 1712070260597,
        "s": "BTCFDUSD",
        "a": 477809289,
        "p": "65889.09000000",
        "q": "0.00047000",
        "f": 549670869,
        "l": 549670869,
        "T": 1712070260596,
        "m": false,
        "M": true,
        "_doc": "4da7cf2d-cb9b-4ad3-8091-3427615a82d9"
    },
    {
        "e": "aggTrade",
        "E": 1712070260595,
        "s": "BTCFDUSD",
        "a": 477809288,
        "p": "65887.21000000",
        "q": "0.00018000",
        "f": 549670868,
        "l": 549670868,
        "T": 1712070260594,
        "m": false,
        "M": true,
        "_doc": "8d28425b-ecac-4fe8-a311-157301f87b6a"
    },
    {
        "e": "aggTrade",
        "E": 1712070260595,
        "s": "BTCFDUSD",
        "a": 477809287,
        "p": "65887.20000000",
        "q": "0.00075000",
        "f": 549670867,
        "l": 549670867,
        "T": 1712070260594,
        "m": false,
        "M": true,
        "_doc": "30332a93-9305-48bd-963d-5c2130c4d01a"
    },
    {
        "e": "aggTrade",
        "E": 1712070260595,
        "s": "BTCFDUSD",
        "a": 477809286,
        "p": "65886.89000000",
        "q": "0.00462000",
        "f": 549670866,
        "l": 549670866,
        "T": 1712070260594,
        "m": false,
        "M": true,
        "_doc": "b7fe50ac-1331-414f-af2b-045fab245ea0"
    },
    {
        "e": "aggTrade",
        "E": 1712070260595,
        "s": "BTCFDUSD",
        "a": 477809285,
        "p": "65886.72000000",
        "q": "0.02000000",
        "f": 549670865,
        "l": 549670865,
        "T": 1712070260594,
        "m": false,
        "M": true,
        "_doc": "2055c68b-1f77-4017-81ad-a7bf7247ae73"
    },
    {
        "e": "aggTrade",
        "E": 1712070260595,
        "s": "BTCFDUSD",
        "a": 477809284,
        "p": "65886.60000000",
        "q": "0.00009000",
        "f": 549670864,
        "l": 549670864,
        "T": 1712070260594,
        "m": false,
        "M": true,
        "_doc": "bcd9d82d-3523-4279-bc5f-fe3e1d729cc1"
    },
    {
        "e": "aggTrade",
        "E": 1712070260595,
        "s": "BTCFDUSD",
        "a": 477809283,
        "p": "65886.59000000",
        "q": "0.00089000",
        "f": 549670863,
        "l": 549670863,
        "T": 1712070260594,
        "m": false,
        "M": true,
        "_doc": "55f8610c-5144-4b87-b447-a2aaf8c48d65"
    },
    {
        "e": "aggTrade",
        "E": 1712070260595,
        "s": "BTCFDUSD",
        "a": 477809282,
        "p": "65886.58000000",
        "q": "0.00092000",
        "f": 549670862,
        "l": 549670862,
        "T": 1712070260594,
        "m": false,
        "M": true,
        "_doc": "cafc231b-b9ed-4b6b-999f-62772e103094"
    },
    {
        "e": "aggTrade",
        "E": 1712070260595,
        "s": "BTCFDUSD",
        "a": 477809281,
        "p": "65886.57000000",
        "q": "0.00092000",
        "f": 549670861,
        "l": 549670861,
        "T": 1712070260594,
        "m": false,
        "M": true,
        "_doc": "4b38ab66-b311-4a7f-86bf-8f5370495b13"
    },
    {
        "e": "aggTrade",
        "E": 1712070260595,
        "s": "BTCFDUSD",
        "a": 477809280,
        "p": "65886.56000000",
        "q": "0.00003000",
        "f": 549670860,
        "l": 549670860,
        "T": 1712070260594,
        "m": false,
        "M": true,
        "_doc": "4ddee47f-decc-4080-aff5-64be22432eb3"
    },
    {
        "e": "aggTrade",
        "E": 1712070260591,
        "s": "BTCFDUSD",
        "a": 477809279,
        "p": "65886.56000000",
        "q": "0.00085000",
        "f": 549670859,
        "l": 549670859,
        "T": 1712070260591,
        "m": false,
        "M": true,
        "_doc": "6da6f9c5-e26a-4a00-ab60-3202fe044811"
    },
    {
        "e": "aggTrade",
        "E": 1712070260420,
        "s": "BTCUSDT",
        "a": 2949808582,
        "p": "65816.00000000",
        "q": "0.12200000",
        "f": 3527716068,
        "l": 3527716070,
        "T": 1712070260419,
        "m": false,
        "M": true,
        "_doc": "cb01d143-cbf4-4698-be89-71898358b57d"
    },
    {
        "e": "aggTrade",
        "E": 1712070260258,
        "s": "BTCUSDT",
        "a": 2949808581,
        "p": "65816.00000000",
        "q": "0.00131000",
        "f": 3527716067,
        "l": 3527716067,
        "T": 1712070260257,
        "m": false,
        "M": true,
        "_doc": "082b2af6-3391-4e65-8bad-4eb772bcc964"
    },
    {
        "e": "aggTrade",
        "E": 1712070260221,
        "s": "BTCFDUSD",
        "a": 477809278,
        "p": "65882.70000000",
        "q": "0.00046000",
        "f": 549670858,
        "l": 549670858,
        "T": 1712070260221,
        "m": true,
        "M": true,
        "_doc": "be54196d-bc62-4791-b697-d137792fc11e"
    },
    {
        "e": "aggTrade",
        "E": 1712070260221,
        "s": "BTCFDUSD",
        "a": 477809277,
        "p": "65882.71000000",
        "q": "0.06157000",
        "f": 549670856,
        "l": 549670857,
        "T": 1712070260221,
        "m": true,
        "M": true,
        "_doc": "98becce2-2f23-49e0-b728-d0b0217cf251"
    },
    {
        "e": "aggTrade",
        "E": 1712070260189,
        "s": "BTCUSDT",
        "a": 2949808580,
        "p": "65816.00000000",
        "q": "0.00010000",
        "f": 3527716066,
        "l": 3527716066,
        "T": 1712070260189,
        "m": false,
        "M": true,
        "_doc": "b3a81af1-3853-4e11-9381-8e5a658d0d2d"
    },
    {
        "e": "aggTrade",
        "E": 1712070260185,
        "s": "BTCFDUSD",
        "a": 477809276,
        "p": "65882.71000000",
        "q": "0.00063000",
        "f": 549670855,
        "l": 549670855,
        "T": 1712070260184,
        "m": true,
        "M": true,
        "_doc": "69f21c9a-1a50-46b7-bc49-2c12b1077618"
    },
    {
        "e": "aggTrade",
        "E": 1712070260044,
        "s": "BTCFDUSD",
        "a": 477809275,
        "p": "65883.28000000",
        "q": "0.00015000",
        "f": 549670854,
        "l": 549670854,
        "T": 1712070260043,
        "m": true,
        "M": true,
        "_doc": "f381c490-bef7-4a83-891e-54e10ce28df8"
    },
    {
        "e": "aggTrade",
        "E": 1712070260044,
        "s": "BTCFDUSD",
        "a": 477809274,
        "p": "65883.28000000",
        "q": "0.00053000",
        "f": 549670853,
        "l": 549670853,
        "T": 1712070260043,
        "m": true,
        "M": true,
        "_doc": "6f61865f-3410-40b1-a238-3c3aad8a8769"
    },
    {
        "e": "aggTrade",
        "E": 1712070260044,
        "s": "BTCFDUSD",
        "a": 477809273,
        "p": "65883.67000000",
        "q": "0.04644000",
        "f": 549670852,
        "l": 549670852,
        "T": 1712070260043,
        "m": true,
        "M": true,
        "_doc": "70399a8f-212e-4a92-adac-5105e68a9faa"
    },
    {
        "e": "aggTrade",
        "E": 1712070260044,
        "s": "BTCFDUSD",
        "a": 477809272,
        "p": "65886.85000000",
        "q": "0.00015000",
        "f": 549670851,
        "l": 549670851,
        "T": 1712070260043,
        "m": true,
        "M": true,
        "_doc": "6b007e29-6e35-4fcb-bbae-ea7676340c6a"
    },
    {
        "e": "aggTrade",
        "E": 1712070260043,
        "s": "BTCFDUSD",
        "a": 477809271,
        "p": "65883.67000000",
        "q": "0.00150000",
        "f": 549670850,
        "l": 549670850,
        "T": 1712070260042,
        "m": true,
        "M": true,
        "_doc": "acf283cd-d1f8-4b33-9a29-3c85a3491d86"
    },
    {
        "e": "aggTrade",
        "E": 1712070260043,
        "s": "BTCFDUSD",
        "a": 477809270,
        "p": "65883.68000000",
        "q": "0.02000000",
        "f": 549670849,
        "l": 549670849,
        "T": 1712070260042,
        "m": true,
        "M": true,
        "_doc": "9bdace73-c596-4d1e-acf7-85b3bd342511"
    },
    {
        "e": "aggTrade",
        "E": 1712070260008,
        "s": "BTCUSDT",
        "a": 2949808579,
        "p": "65815.99000000",
        "q": "0.00064000",
        "f": 3527716065,
        "l": 3527716065,
        "T": 1712070260007,
        "m": true,
        "M": true,
        "_doc": "f61dc205-da1b-4aa8-866e-39679bf603cd"
    },
    {
        "e": "aggTrade",
        "E": 1712070259924,
        "s": "BTCFDUSD",
        "a": 477809269,
        "p": "65887.86000000",
        "q": "0.02000000",
        "f": 549670848,
        "l": 549670848,
        "T": 1712070259923,
        "m": false,
        "M": true,
        "_doc": "250228e2-6e3c-4a95-b599-adb8665f7a6e"
    },
    {
        "e": "aggTrade",
        "E": 1712070259844,
        "s": "BTCFDUSD",
        "a": 477809268,
        "p": "65883.81000000",
        "q": "0.00089000",
        "f": 549670847,
        "l": 549670847,
        "T": 1712070259843,
        "m": true,
        "M": true,
        "_doc": "5858ea81-469c-4712-9b23-f58ae5671856"
    },
    {
        "e": "aggTrade",
        "E": 1712070259844,
        "s": "BTCFDUSD",
        "a": 477809267,
        "p": "65884.01000000",
        "q": "0.00759000",
        "f": 549670846,
        "l": 549670846,
        "T": 1712070259843,
        "m": true,
        "M": true,
        "_doc": "be568587-ea45-45e5-88ba-474bc71c2230"
    },
    {
        "e": "aggTrade",
        "E": 1712070259816,
        "s": "BTCFDUSD",
        "a": 477809266,
        "p": "65883.81000000",
        "q": "0.01982000",
        "f": 549670845,
        "l": 549670845,
        "T": 1712070259815,
        "m": true,
        "M": true,
        "_doc": "5e103f01-5ab0-4b5f-b39d-11b5372c50a9"
    },
    {
        "e": "aggTrade",
        "E": 1712070259816,
        "s": "BTCFDUSD",
        "a": 477809265,
        "p": "65884.09000000",
        "q": "0.01018000",
        "f": 549670844,
        "l": 549670844,
        "T": 1712070259815,
        "m": true,
        "M": true,
        "_doc": "0461442e-62d6-41a8-b4b5-724999f4c6db"
    },
    {
        "e": "aggTrade",
        "E": 1712070259811,
        "s": "BTCFDUSD",
        "a": 477809264,
        "p": "65884.09000000",
        "q": "0.03000000",
        "f": 549670842,
        "l": 549670843,
        "T": 1712070259811,
        "m": true,
        "M": true,
        "_doc": "a3bf0c2f-ebdd-4412-bce5-e10fb2d7e09d"
    },
    {
        "e": "aggTrade",
        "E": 1712070259808,
        "s": "BTCFDUSD",
        "a": 477809263,
        "p": "65883.82000000",
        "q": "0.00552000",
        "f": 549670841,
        "l": 549670841,
        "T": 1712070259807,
        "m": true,
        "M": true,
        "_doc": "d361695d-995a-4c29-a5f6-424e340eace2"
    },
    {
        "e": "aggTrade",
        "E": 1712070259808,
        "s": "BTCFDUSD",
        "a": 477809262,
        "p": "65883.83000000",
        "q": "0.02448000",
        "f": 549670840,
        "l": 549670840,
        "T": 1712070259807,
        "m": true,
        "M": true,
        "_doc": "9728d25a-c1f5-4b7b-92a3-53412515ec0b"
    },
    {
        "e": "aggTrade",
        "E": 1712070259803,
        "s": "BTCFDUSD",
        "a": 477809261,
        "p": "65884.04000000",
        "q": "0.00660000",
        "f": 549670839,
        "l": 549670839,
        "T": 1712070259803,
        "m": true,
        "M": true,
        "_doc": "8020b173-c6d7-4483-99f8-f73ed2124151"
    },
    {
        "e": "aggTrade",
        "E": 1712070259803,
        "s": "BTCFDUSD",
        "a": 477809260,
        "p": "65884.05000000",
        "q": "0.02340000",
        "f": 549670838,
        "l": 549670838,
        "T": 1712070259803,
        "m": true,
        "M": true,
        "_doc": "f0fb8095-b011-4860-b37c-117cd5451c56"
    },
    {
        "e": "aggTrade",
        "E": 1712070259801,
        "s": "BTCFDUSD",
        "a": 477809259,
        "p": "65884.04000000",
        "q": "0.03000000",
        "f": 549670836,
        "l": 549670837,
        "T": 1712070259800,
        "m": true,
        "M": true,
        "_doc": "54673ab0-2223-40ae-9af9-2ec97b174223"
    },
    {
        "e": "aggTrade",
        "E": 1712070259796,
        "s": "BTCFDUSD",
        "a": 477809258,
        "p": "65884.01000000",
        "q": "0.00566000",
        "f": 549670835,
        "l": 549670835,
