[{"receive_time":1712791381.591,"timestamp":"2024-04-11 00:23:01","asks":[[70718.7,0.0],[70720.0,0.0],[70720.1,0.106],[70723.6,0.0],[70731.9,0.0],[70736.1,0.571],[70736.3,0.141],[70736.6,0.283],[70736.9,0.283],[70737.1,0.0],[70737.4,0.001],[70737.7,0.701],[70740.7,0.542],[70743.0,0.602],[70743.8,1.289],[70745.4,0.0],[70747.3,0.083],[70747.6,0.049],[70748.0,0.012],[70749.4,0.732],[70749.6,0.015],[70751.0,0.071],[70751.2,0.058],[70752.4,0.558],[70755.3,2.473],[70761.8,0.15],[70765.9,4.239],[70785.8,0.6],[70786.0,0.7],[70789.4,0.0],[70790.8,0.989],[70794.5,1.796],[70796.4,0.033],[70797.8,0.989],[70800.1,0.289],[70801.5,0.143],[70803.5,0.621],[70804.9,0.989],[70807.3,0.0],[70807.6,0.0]],"bids":[[70720.0,5.006],[70719.9,0.489],[70719.8,0.057],[70719.1,0.028],[70718.9,1.009],[70718.8,0.028],[70718.7,0.36],[70718.6,2.351],[70718.3,1.67],[70717.3,0.002],[70717.2,0.028],[70717.0,1.26],[70716.1,2.06],[70714.6,0.339],[70713.2,2.299],[70710.8,0.904],[70707.7,0.0],[70707.3,0.667],[70706.3,0.201],[70704.5,0.014],[70703.6,0.156],[70703.4,0.356],[70702.3,0.143],[70702.0,1.254],[70701.7,0.01],[70701.6,0.473],[70701.2,0.001],[70701.1,0.718],[70700.9,0.041],[70700.7,0.22],[70699.8,0.327],[70699.6,0.288],[70699.4,4.122],[70699.0,0.304],[70698.3,0.416],[70698.2,1.379],[70698.1,0.315],[70698.0,2.504],[70697.9,0.633],[70697.5,0.081],[70697.4,0.416],[70697.3,1.859],[70695.8,0.013],[70695.2,0.03],[70695.0,0.0],[70694.8,1.766],[70694.2,2.1],[70694.0,0.013],[70693.4,0.288],[70692.4,0.333],[70690.7,0.218],[70689.9,0.509],[70689.8,0.071],[70688.7,0.072],[70688.1,0.5],[70687.3,0.0],[70686.7,0.579],[70684.6,2.476],[70683.3,0.322],[70680.5,0.005],[70679.8,1.289],[70676.0,0.0],[70674.0,5.817],[70669.9,0.0],[70668.4,0.0],[70649.3,1.282],[70647.9,2.265],[70642.3,1.661],[70640.9,0.149],[70635.2,0.991],[70633.8,0.099],[70630.1,0.0],[70629.6,0.0],[70629.5,0.0],[70629.4,0.0],[70629.2,0.0],[70629.1,0.0],[70628.9,0.0],[70628.5,0.0],[70627.8,0.0],[70627.7,0.0],[70627.6,0.0],[70627.5,0.0],[70627.4,0.0]],"_doc":"65acad66-58c2-412f-b5cf-3b46a3455c1c"},{"receive_time":1712791381.49,"timestamp":"2024-04-11 00:23:01","asks":[[70723.6,0.028],[70735.8,0.01],[70748.0,0.009],[70749.1,0.104],[70749.5,0.0],[70751.8,0.01],[70752.6,0.0],[70755.1,0.071],[70777.9,0.0],[70778.2,0.003],[70787.6,6.572],[70788.6,0.025],[70794.3,0.0],[70794.6,0.001],[70807.7,0.0],[70807.9,0.0]],"bids":[[70718.6,9.228],[70718.4,0.36],[70718.3,1.886],[70717.2,0.03],[70717.0,1.264],[70716.9,0.61],[70709.8,0.424],[70706.6,0.531],[70706.5,0.04],[70705.4,0.04],[70701.6,0.483],[70701.4,0.466],[70699.7,0.286],[70699.6,0.289],[70698.9,0.0],[70698.0,2.486],[70697.9,4.735],[70697.5,1.369],[70697.4,0.01],[70694.8,1.776],[70694.0,1.756],[70687.6,0.888],[70682.2,2.951],[70673.4,0.002],[70647.3,0.005],[70630.2,0.031],[70629.9,0.0],[70627.3,0.0]],"_doc":"f0179323-d12b-48c2-8ef2-06d923031d15"},{"receive_time":1712791381.391,"timestamp":"2024-04-11 00:23:01","asks":[[70718.4,0.0],[70723.6,0.0],[70726.1,0.0],[70726.6,0.0],[70727.5,0.0],[70727.7,0.0],[70728.2,0.0],[70729.3,0.0],[70730.9,0.071],[70731.4,0.0],[70731.9,0.7],[70733.5,0.071],[70735.8,0.0],[70736.1,0.572],[70736.3,0.142],[70736.5,0.315],[70739.6,0.584],[70740.6,0.0],[70743.1,0.744],[70747.9,0.291],[70749.3,0.0],[70749.5,0.01],[70749.6,0.016],[70751.0,0.5],[70751.3,0.729],[70752.6,0.01],[70752.9,0.01],[70753.0,1.366],[70773.5,1.795],[70773.7,0.0],[70776.5,0.715],[70777.9,0.003],[70782.0,18.084],[70786.9,0.0],[70787.6,6.575],[70788.4,0.0],[70789.4,0.989],[70792.9,0.0],[70794.3,0.001],[70795.4,0.073],[70796.4,1.022],[70802.5,0.0],[70803.5,1.61],[70806.9,0.001],[70807.0,1.213],[70807.1,0.438],[70807.2,0.001],[70807.3,0.029],[70807.6,0.014],[70807.7,1.289],[70807.9,0.221]],"bids":[[70718.6,8.95],[70718.4,0.658],[70718.3,1.904],[70717.3,0.0],[70717.2,0.327],[70717.1,2.115],[70717.0,1.26],[70716.9,0.845],[70713.4,0.211],[70713.3,0.0],[70709.9,1.302],[70709.8,0.633],[70709.4,0.528],[70708.8,0.04],[70707.6,0.313],[70706.8,0.0],[70706.7,0.695],[70704.7,0.0],[70702.7,0.01],[70702.6,0.0],[70702.4,0.359],[70700.7,0.234],[70700.3,0.775],[70700.1,0.012],[70700.0,0.106],[70699.8,0.328],[70699.7,0.296],[70699.6,2.821],[70699.5,0.632],[70699.3,0.172],[70699.1,0.0],[70698.9,1.369],[70698.2,0.0],[70697.4,4.112],[70697.3,1.929],[70696.6,0.416],[70696.4,0.602],[70696.1,0.0],[70695.1,0.49],[70694.8,1.766],[70694.2,0.357],[70694.0,1.766],[70688.9,0.0],[70688.8,0.071],[70688.0,0.099],[70687.3,0.001],[70686.7,1.079],[70685.6,0.0],[70685.0,0.0],[70684.9,0.509],[70682.2,3.022],[70667.1,0.439],[70655.0,4.263],[70654.7,22.3],[70647.9,3.256],[70647.3,0.015],[70646.9,0.0],[70646.3,0.0],[70640.9,1.14],[70639.9,0.221],[70633.8,1.09],[70632.8,0.0],[70629.9,0.002],[70628.5,0.7],[70627.6,0.504],[70627.5,0.073],[70627.4,0.018],[70627.3,1.428]],"_doc":"2da93da9-31d5-4a62-8ff2-d39a60e506b0"},{"receive_time":1712791381.291,"timestamp":"2024-04-11 00:23:01","asks":[[70717.0,0.0],[70717.4,0.0],[70718.4,0.008],[70719.1,0.0],[70723.0,0.0],[70726.1,0.112],[70726.6,0.112],[70727.5,0.112],[70727.7,0.002],[70728.2,0.112],[70729.3,0.112],[70730.5,0.0],[70734.4,0.312],[70734.6,0.008],[70734.8,0.0],[70735.8,0.001],[70736.0,0.001],[70737.1,0.006],[70738.2,0.0],[70738.3,0.283],[70739.5,0.0],[70739.6,0.582],[70746.6,0.001],[70749.5,0.0],[70749.6,0.025],[70752.0,0.005],[70752.9,0.02],[70773.6,0.7],[70773.7,0.006],[70773.8,0.0],[70785.9,0.463],[70786.0,0.72],[70786.1,0.0],[70786.2,0.0],[70787.7,0.221],[70788.4,0.989],[70794.7,4.173],[70795.4,1.062],[70801.8,0.0],[70802.5,0.989],[70806.2,0.001],[70806.7,1.289]],"bids":[[70718.3,9.375],[70718.2,0.057],[70717.5,0.028],[70717.3,1.636],[70717.2,0.325],[70717.0,3.912],[70716.9,2.94],[70716.1,2.125],[70716.0,0.07],[70713.4,0.162],[70706.4,1.03],[70704.2,0.292],[70703.7,0.01],[70701.7,0.0],[70699.5,0.633],[70699.3,0.173],[70699.1,4.102],[70698.8,0.0],[70698.1,0.318],[70697.9,0.633],[70697.1,0.931],[70696.1,1.753],[70695.8,0.429],[70695.4,0.344],[70694.6,1.0],[70693.6,0.002],[70693.4,0.358],[70691.1,0.013],[70690.1,0.002],[70689.7,0.0],[70681.7,1.31],[70675.5,0.12],[70665.5,0.15],[70646.9,0.991],[70646.3,8.448],[70646.2,1.289],[70639.9,1.212],[70639.2,6.194],[70632.8,0.991],[70632.1,0.0],[70627.6,0.0],[70627.5,0.0],[70627.4,0.0],[70627.3,0.0],[70627.2,0.0],[70627.1,0.0],[70626.7,0.0],[70626.2,0.0],[70625.9,0.0],[70625.8,0.0]],"_doc":"fa896f88-23a7-4491-9dd3-03d976f7b7cc"},{"receive_time":1712791381.191,"timestamp":"2024-04-11 00:23:01","asks":[[70717.0,0.018],[70719.1,0.014],[70721.4,0.0],[70722.0,0.0],[70726.9,0.0],[70727.1,0.0],[70749.2,0.028],[70749.5,0.01],[70752.0,0.015],[70752.6,0.0],[70752.9,0.01],[70755.4,1.805],[70805.8,0.04],[70806.1,0.341]],"bids":[[70713.1,0.029],[70707.4,0.288],[70706.3,0.229],[70703.7,0.012],[70700.1,0.022],[70698.9,0.01],[70698.8,4.102],[70698.5,0.0],[70696.6,1.743],[70695.8,0.025],[70695.7,0.173],[70651.7,0.0],[70651.6,0.0],[70651.5,0.02],[70651.4,1.397],[70625.7,0.0]],"_doc":"3261238e-2a62-4709-b4f1-e8e6d71c0be1"},{"receive_time":1712791381.09,"timestamp":"2024-04-11 00:23:01","asks":[[70736.3,0.141],[70749.2,0.038],[70749.6,0.015],[70752.5,0.024],[70752.6,0.01],[70752.9,0.0],[70786.2,0.02],[70805.8,0.0],[70806.1,0.0]],"bids":[[70714.0,0.028],[70710.4,0.0],[70710.3,0.0],[70710.2,0.057],[70709.9,1.402],[70707.2,0.073],[70707.1,0.042],[70707.0,0.085],[70706.7,0.07],[70706.4,1.13],[70701.6,0.01],[70698.8,4.112],[70698.5,0.01],[70698.2,0.002],[70697.4,0.0],[70696.7,0.045],[70696.5,0.0],[70695.9,0.0],[70695.8,1.758],[70695.7,0.183],[70687.4,0.0],[70674.5,0.09],[70666.0,0.914],[70625.7,0.291]],"_doc":"5d9a72e1-c156-46a7-b6fc-602f1be38386"},{"receive_time":1712791380.99,"timestamp":"2024-04-11 00:23:00","asks":[[70717.0,0.032],[70721.4,0.057],[70726.9,0.081],[70727.1,0.08],[70752.0,0.005],[70752.9,0.01],[70806.2,0.0],[70806.7,0.0],[70806.9,0.0],[70807.0,0.0]],"bids":[[70716.9,12.884],[70716.3,0.594],[70715.9,0.388],[70707.7,0.876],[70706.4,1.175],[70704.2,0.289],[70704.0,0.073],[70703.1,0.01],[70698.8,4.102],[70698.4,0.0],[70698.3,0.0],[70698.1,0.319],[70697.4,0.01],[70695.9,0.01],[70695.7,0.173],[70694.5,1.083],[70688.1,0.0],[70684.8,0.0],[70674.5,2.143],[70641.1,0.0],[70625.8,0.7]],"_doc":"b12c199d-468c-41dd-a4e0-a67270aecd18"},{"receive_time":1712791380.89,"timestamp":"2024-04-11 00:23:00","asks":[[70722.0,0.028],[70749.6,0.025],[70750.8,0.022],[70752.0,0.015],[70752.6,0.0],[70754.7,0.0],[70758.3,0.006],[70807.0,1.213]],"bids":[[70716.9,13.949],[70716.3,0.744],[70713.2,2.399],[70706.7,0.0],[70703.3,0.0],[70701.4,1.359],[70699.1,0.0],[70698.4,4.102],[70698.2,0.012],[70698.1,0.316],[70696.9,0.931],[70696.5,1.743],[70695.8,0.015],[70695.7,0.183],[70647.5,2.281],[70626.2,4.234],[70625.9,0.172]],"_doc":"4c898839-6961-49fe-ab0e-9be55636fa89"},{"receive_time":1712791380.79,"timestamp":"2024-04-11 00:23:00","asks":[[70717.0,0.042],[70717.3,0.0],[70730.0,0.028],[70731.0,0.057],[70749.7,0.04],[70750.8,0.032],[70752.4,0.058],[70752.6,0.01],[70754.7,0.01],[70757.8,0.0],[70759.5,1.493],[70765.0,0.575],[70776.5,0.718],[70776.6,0.016],[70777.0,0.474],[70807.0,0.0],[70807.1,0.0]],"bids":[[70716.9,14.649],[70714.7,0.029],[70714.6,0.439],[70709.3,0.028],[70706.1,0.0],[70700.0,1.475],[70699.6,2.82],[70699.5,0.0],[70699.1,4.102],[70698.2,0.002],[70698.1,0.326],[70698.0,0.0],[70696.5,1.753],[70695.9,0.0],[70659.9,2.222],[70647.5,2.291],[70626.7,0.445]],"_doc":"0bfe2854-d180-4384-be03-e9f5cea6056e"},{"receive_time":1712791380.69,"timestamp":"2024-04-11 00:23:00","asks":[[70717.3,0.014],[70719.2,0.0],[70729.1,0.021],[70730.5,0.7],[70734.8,0.315],[70749.6,0.015],[70749.7,0.05],[70750.7,0.03],[70752.4,0.068],[70757.8,0.01],[70762.7,0.081],[70764.6,0.165],[70807.2,0.0],[70807.3,0.0],[70807.6,0.0]],"bids":[[70716.9,14.661],[70716.0,0.325],[70706.1,0.01],[70700.0,0.116],[70699.5,4.102],[70699.3,0.172],[70698.9,0.0],[70698.3,0.01],[70698.2,4.208],[70697.4,0.0],[70696.5,0.0],[70696.4,0.531],[70695.9,0.01],[70695.4,2.081],[70694.0,0.013],[70693.5,0.0],[70671.1,2.551],[70670.3,0.0],[70650.5,0.0],[70627.1,0.4]],"_doc":"712fc25c-2650-4e21-8433-2607d7494c2a"},{"receive_time":1712791380.59,"timestamp":"2024-04-11 00:23:00","asks":[[70717.4,0.014],[70718.4,0.014],[70719.1,0.0],[70719.2,0.014],[70723.0,0.057],[70749.5,0.0],[70749.6,0.025],[70750.7,0.04],[70752.4,0.058],[70752.5,0.052],[70772.4,0.446],[70807.7,0.0],[70807.9,0.0]],"bids":[[70716.9,14.671],[70716.7,0.0],[70716.1,2.325],[70716.0,0.327],[70715.8,2.826],[70709.8,0.733],[70709.0,0.433],[70706.5,0.0],[70704.8,0.071],[70703.3,0.428],[70701.6,0.0],[70699.2,0.143],[70698.9,0.01],[70698.2,0.002],[70697.4,4.102],[70696.5,0.01],[70696.4,2.274],[70695.2,0.02],[70695.1,0.051],[70694.0,0.023],[70693.5,1.743],[70693.1,0.704],[70645.8,0.447],[70632.3,0.002],[70627.1,0.0],[70626.7,0.0],[70626.2,0.0]],"_doc":"dfd5b9da-edf1-4d21-9330-b7ad3ddbb25b"},{"receive_time":1712791380.49,"timestamp":"2024-04-11 00:23:00","asks":[[70723.6,0.028],[70739.9,0.441],[70740.8,0.117],[70743.0,0.605],[70749.5,0.01],[70751.7,0.061],[70752.4,0.068],[70752.9,0.0],[70770.0,0.029],[70772.4,0.456],[70776.6,0.019],[70786.9,0.003],[70788.6,0.022],[70792.9,0.001],[70808.3,0.0],[70808.6,0.0],[70808.7,0.0],[70808.8,0.0]],"bids":[[70716.9,14.795],[70716.3,1.444],[70716.0,0.072],[70713.3,0.1],[70712.5,0.0],[70707.6,0.595],[70707.4,0.282],[70706.5,0.01],[70704.8,0.081],[70702.7,0.435],[70701.9,0.288],[70701.6,0.823],[70701.5,0.029],[70700.2,0.0],[70699.3,2.642],[70699.2,0.163],[70699.1,0.0],[70698.8,0.0],[70698.2,5.846],[70698.0,1.369],[70697.9,0.634],[70697.5,0.0],[70695.7,0.173],[70695.1,0.061],[70691.6,0.0],[70681.0,0.022],[70664.1,0.899],[70663.0,1.459],[70632.5,1.697],[70628.5,0.702],[70626.3,0.0],[70626.2,4.234]],"_doc":"098af411-3b60-4d3c-a2d5-fa723f00473f"},{"receive_time":1712791380.391,"timestamp":"2024-04-11 00:23:00","asks":[[70717.0,0.028],[70722.8,0.0],[70723.6,0.0],[70730.5,0.0],[70732.6,0.071],[70734.8,0.143],[70739.9,0.444],[70740.9,0.006],[70749.6,0.015],[70750.1,0.029],[70750.6,0.0],[70751.7,0.071],[70752.6,0.0],[70752.9,0.02],[70770.0,0.039],[70775.5,0.009],[70808.6,1.466],[70808.7,0.004],[70808.8,9.909]],"bids":[[70716.9,14.569],[70716.7,0.002],[70716.3,1.713],[70716.1,5.08],[70716.0,0.07],[70715.9,0.433],[70715.8,3.026],[70715.6,0.028],[70714.0,0.034],[70712.5,0.1],[70712.2,0.022],[70709.8,0.633],[70709.0,0.533],[70708.7,0.071],[70707.6,0.313],[70704.4,0.006],[70703.3,0.0],[70702.3,0.0],[70701.9,0.661],[70701.6,0.0],[70701.5,2.501],[70700.2,1.369],[70700.1,0.012],[70699.7,0.286],[70699.1,1.742],[70698.8,4.112],[70698.0,0.0],[70697.5,0.01],[70697.4,0.0],[70695.7,0.183],[70695.2,1.763],[70694.5,1.086],[70692.3,0.643],[70688.2,0.0],[70686.4,0.701],[70681.1,0.1],[70677.9,1.621],[70672.2,0.16],[70670.3,0.425],[70651.7,0.02],[70651.6,0.02],[70651.5,0.0],[70651.4,1.377],[70627.4,0.018],[70626.2,0.0]],"_doc":"abb22200-9243-4b53-a95f-2f77a00519bc"},{"receive_time":1712791380.291,"timestamp":"2024-04-11 00:23:00","asks":[[70715.9,0.0],[70716.0,0.0],[70716.1,0.0],[70716.2,0.0],[70716.4,0.0],[70716.8,0.0],[70717.2,0.0],[70718.0,0.0],[70719.1,0.014],[70720.0,0.052],[70722.0,0.0],[70723.6,0.028],[70724.0,0.0],[70727.6,0.112],[70728.3,0.112],[70728.8,0.283],[70729.9,0.0],[70730.3,0.112],[70730.4,0.008],[70730.5,0.7],[70731.4,0.288],[70732.1,0.0],[70733.3,0.0],[70733.5,0.072],[70733.6,0.0],[70733.9,0.632],[70734.0,0.0],[70734.1,0.001],[70734.4,0.313],[70734.6,0.009],[70735.8,0.0],[70735.9,0.635],[70736.9,0.297],[70738.7,0.295],[70739.4,0.0],[70739.7,0.38],[70739.9,0.441],[70740.6,0.001],[70741.8,0.071],[70743.5,0.155],[70743.7,0.042],[70746.8,0.0],[70747.6,0.0],[70747.7,0.0],[70747.9,0.292],[70748.0,0.019],[70748.2,0.17],[70748.7,0.028],[70748.9,0.099],[70749.3,0.5],[70749.6,0.018],[70750.1,0.035],[70750.6,0.01],[70751.3,0.779],[70751.8,0.0],[70752.0,0.005],[70752.3,0.611],[70752.6,0.01],[70752.9,0.01],[70753.6,0.003],[70759.2,0.0],[70762.9,4.24],[70764.5,0.425],[70783.2,0.024],[70785.8,0.58],[70785.9,0.443],[70786.1,0.02],[70786.2,0.473],[70786.6,0.172],[70787.7,1.21],[70791.8,0.001],[70793.6,0.144],[70794.7,5.162],[70797.9,0.288],[70800.7,4.331],[70801.8,0.989],[70807.2,0.001],[70807.3,0.029],[70807.6,0.014],[70807.7,1.289],[70807.9,0.221],[70808.3,2.363]],"bids":[[70716.9,13.836],[70716.7,0.02],[70716.6,0.057],[70716.5,0.438],[70716.3,1.794],[70716.2,0.36],[70716.1,5.78],[70716.0,1.159],[70715.9,0.459],[70715.8,3.198],[70715.6,0.034],[70715.3,0.0],[70714.6,0.41],[70713.6,1.439],[70713.5,0.962],[70713.2,2.37],[70712.0,0.099],[70709.8,0.424],[70709.5,0.099],[70709.0,0.657],[70708.8,0.038],[70708.7,0.171],[70708.2,0.283],[70708.1,0.354],[70707.7,1.164],[70706.6,0.501],[70705.0,0.0],[70702.5,0.578],[70702.3,1.742],[70701.6,0.405],[70700.7,0.232],[70700.1,4.114],[70699.9,0.978],[70699.7,0.296],[70698.7,0.635],[70698.3,0.0],[70698.1,0.316],[70698.0,0.01],[70697.9,3.105],[70697.8,0.029],[70697.4,3.121],[70697.3,1.529],[70697.0,0.286],[70696.8,0.531],[70696.6,0.0],[70696.5,0.0],[70695.4,0.338],[70695.3,0.626],[70695.0,0.416],[70694.9,0.095],[70694.1,0.029],[70693.6,0.0],[70692.6,0.438],[70691.7,0.0],[70690.9,0.071],[70689.3,0.172],[70688.6,0.402],[70688.2,2.053],[70687.7,0.071],[70687.1,0.0],[70685.6,0.001],[70685.0,0.5],[70684.8,0.04],[70684.5,0.073],[70683.9,0.016],[70682.2,2.951],[70681.1,0.171],[70672.0,0.0],[70671.0,4.245],[70667.3,0.291],[70654.1,0.918],[70651.5,0.02],[70651.3,0.143],[70647.3,0.005],[70646.2,2.28],[70645.1,0.0],[70639.2,7.185],[70638.1,0.0],[70632.1,0.991],[70631.0,0.0],[70625.9,0.0],[70625.8,0.0],[70625.7,0.0],[70625.6,0.0],[70625.2,0.0],[70625.1,0.0],[70624.9,0.0],[70624.8,0.0],[70624.6,0.0]],"_doc":"fd4b978d-8f7e-4d13-b676-a0c58a7e6faa"},{"receive_time":1712791380.19,"timestamp":"2024-04-11 00:23:00","asks":[[70715.9,0.134],[70735.8,0.01],[70735.9,1.059],[70748.0,0.009],[70749.3,0.01],[70750.6,0.0],[70753.6,0.0],[70754.8,0.054],[70756.0,0.0],[70785.8,0.603],[70786.0,0.7],[70807.1,0.438]],"bids":[[70710.1,0.884],[70709.8,0.893],[70704.1,0.0],[70702.3,0.0],[70700.0,0.106],[70697.9,0.633],[70697.4,1.369],[70696.5,4.112],[70695.0,0.0],[70694.9,1.838],[70694.1,0.039],[70693.6,1.743],[70693.5,0.0],[70693.2,0.214],[70692.1,0.143],[70690.3,0.013],[70689.4,0.0],[70689.3,0.242],[70651.5,0.0],[70651.3,0.163],[70624.9,1.289],[70624.8,0.009],[70624.6,0.04]],"_doc":"bcfd8ce4-be8c-445b-859c-19cf4baa9003"},{"receive_time":1712791380.09,"timestamp":"2024-04-11 00:23:00","asks":[[70726.8,0.028],[70729.3,0.0],[70729.4,0.057],[70731.6,0.028],[70733.6,0.143],[70735.8,0.0],[70735.9,1.2],[70738.8,0.009],[70747.3,0.078],[70748.0,0.019],[70749.0,0.0],[70750.6,0.01],[70753.6,0.01],[70755.4,1.795],[70756.0,0.01],[70807.1,0.0],[70807.2,0.0],[70807.3,0.0]],"bids":[[70715.8,20.504],[70713.5,0.062],[70709.3,0.169],[70707.2,0.045],[70706.6,1.375],[70704.1,0.01],[70703.6,0.153],[70703.4,0.0],[70702.3,0.01],[70701.7,0.001],[70695.6,0.316],[70695.3,0.555],[70695.1,0.051],[70695.0,0.01],[70694.8,0.023],[70694.4,1.174],[70693.5,4.103],[70693.3,0.143],[70693.2,1.957],[70692.5,0.0],[70691.1,0.015],[70624.9,0.0],[70624.8,0.0],[70624.6,0.0],[70624.5,0.0]],"_doc":"46f4c18f-a4e9-4698-bcf2-a5895a7481a9"},{"receive_time":1712791379.991,"timestamp":"2024-04-11 00:22:59","asks":[[70728.7,0.069],[70729.2,0.076],[70735.8,0.01],[70743.7,0.045],[70747.7,0.01],[70748.0,0.009],[70748.7,0.0],[70749.0,0.01],[70749.7,0.04],[70755.4,1.805],[70807.6,0.0],[70807.7,0.0],[70807.8,0.0],[70807.9,0.0]],"bids":[[70713.9,0.063],[70713.4,0.133],[70703.4,0.01],[70701.7,0.011],[70695.6,2.796],[70695.3,0.533],[70695.2,0.02],[70694.8,0.001],[70693.3,0.153],[70692.5,4.103],[70692.2,0.02],[70691.1,1.758],[70690.6,0.0],[70690.3,0.023],[70689.4,1.743],[70689.1,0.702],[70671.0,0.0],[70624.3,0.0],[70623.9,0.0]],"_doc":"53c11870-ec89-4956-90ef-6515576c57f2"},{"receive_time":1712791379.892,"timestamp":"2024-04-11 00:22:59","asks":[[70715.9,0.122],[70732.6,0.069],[70735.8,0.0],[70738.8,0.049],[70739.3,0.01],[70739.9,0.512],[70740.0,0.344],[70743.5,0.099],[70747.7,0.0],[70748.0,0.019],[70748.7,0.01],[70748.8,0.1],[70749.7,0.05],[70753.0,1.295]],"bids":[[70715.8,19.74],[70706.6,1.663],[70702.2,0.315],[70695.3,0.543],[70695.2,4.122],[70694.8,2.469],[70694.4,0.201],[70694.2,0.773],[70693.1,0.733],[70692.2,1.763],[70691.1,0.025],[70690.4,0.0],[70685.2,0.0],[70680.0,0.141],[70641.4,5.838],[70624.3,0.007],[70623.9,1.282]],"_doc":"18a15faa-0bfc-42f6-a87b-c4902401ab3c"},{"receive_time":1712791379.79,"timestamp":"2024-04-11 00:22:59","asks":[[70715.9,0.153],[70728.4,0.028],[70743.7,0.067],[70746.2,0.01],[70748.8,0.11],[70749.0,0.0],[70753.0,1.305],[70766.8,0.087],[70808.3,0.0]],"bids":[[70715.8,19.726],[70705.6,0.082],[70705.4,0.097],[70694.8,4.212],[70694.4,4.303],[70694.2,0.783],[70694.1,0.029],[70693.5,0.0],[70691.7,0.07],[70679.9,0.04],[70679.2,0.387],[70669.8,0.453],[70656.2,0.0],[70654.4,0.356],[70654.2,1.627],[70624.6,0.04],[70624.5,0.005]],"_doc":"aec4b3c2-bfdd-4759-9c26-20f62d3c860a"},{"receive_time":1712791379.691,"timestamp":"2024-04-11 00:22:59","asks":[[70715.9,0.173],[70748.8,0.1],[70749.0,0.01],[70752.4,0.036],[70752.9,0.0],[70755.4,1.795],[70756.4,0.0],[70808.3,2.363]],"bids":[[70715.8,19.699],[70704.1,0.0],[70701.6,0.402],[70695.8,0.515],[70694.8,2.469],[70694.2,0.702],[70694.1,0.039],[70690.5,0.286],[70690.4,0.01],[70690.3,0.013],[70686.6,0.355],[70684.0,0.07],[70678.9,0.071],[70654.2,1.628],[70653.7,0.007],[70649.2,0.0],[70629.4,0.002],[70624.6,0.0]],"_doc":"29f62ecd-a341-4fbe-b195-34d0d71146d8"},{"receive_time":1712791379.59,"timestamp":"2024-04-11 00:22:59","asks":[[70715.9,0.188],[70723.6,0.0],[70729.4,0.757],[70748.7,0.0],[70748.8,0.11],[70752.9,0.01],[70753.0,1.295],[70753.7,1.053],[70755.4,1.805],[70807.9,0.221]],"bids":[[70715.8,19.793],[70712.2,0.122],[70708.7,0.624],[70704.1,0.01],[70703.0,0.286],[70701.6,0.412],[70694.2,0.712],[70694.1,0.029],[70693.1,0.753],[70692.5,0.0],[70691.7,1.813],[70690.9,0.1],[70686.5,1.471],[70678.7,0.282],[70668.6,0.0],[70663.0,1.476],[70657.1,0.0],[70651.5,0.02],[70651.4,1.397],[70651.1,0.445],[70651.0,0.0],[70624.6,0.04]],"_doc":"6e1178c9-2ee9-4e20-99eb-3fc62f953ade"},{"receive_time":1712791379.49,"timestamp":"2024-04-11 00:22:59","asks":[[70723.6,0.028],[70729.3,0.4],[70733.6,0.315],[70743.5,0.121],[70746.6,0.0],[70748.7,0.01],[70753.0,1.305],[70757.3,0.001],[70763.9,0.071],[70764.5,0.433],[70766.3,6.291],[70783.2,0.012],[70785.6,0.001],[70785.7,4.208],[70785.9,0.463],[70786.0,0.72],[70807.9,0.0],[70808.3,0.0],[70808.6,0.0],[70808.7,0.0]],"bids":[[70715.8,19.454],[70714.6,1.31],[70709.6,0.059],[70709.5,0.311],[70702.5,0.678],[70701.6,0.01],[70694.1,0.039],[70693.2,0.214],[70693.0,1.609],[70692.5,1.743],[70690.3,0.023],[70690.0,0.0],[70685.5,0.071],[70683.6,0.0],[70682.8,0.0],[70677.8,0.071],[70624.6,0.0]],"_doc":"3f016ad4-4cbe-46d3-9fec-63d05a6622be"},{"receive_time":1712791379.39,"timestamp":"2024-04-11 00:22:59","asks":[[70715.9,0.193],[70724.6,0.057],[70725.2,0.028],[70729.4,0.7],[70733.7,0.241],[70735.1,0.283],[70736.1,0.283],[70741.7,0.04],[70744.6,0.04],[70746.6,0.01],[70747.0,0.052],[70747.7,0.01],[70748.0,0.009],[70753.2,0.0],[70756.6,0.0],[70757.3,2.052],[70758.4,0.758],[70760.4,0.433],[70764.3,0.323],[70764.9,3.789],[70766.7,0.459],[70781.7,0.791],[70808.8,0.0],[70809.2,0.0],[70809.5,0.0],[70809.6,0.0],[70809.7,0.0],[70809.8,0.0]],"bids":[[70715.8,19.954],[70713.6,0.012],[70712.9,0.029],[70712.1,0.031],[70709.9,1.472],[70707.6,0.311],[70706.6,1.375],[70705.3,0.21],[70703.4,0.0],[70702.1,0.283],[70694.8,0.001],[70694.4,0.201],[70693.5,4.103],[70693.2,1.957],[70693.0,1.619],[70692.0,1.769],[70690.6,1.743],[70690.0,0.01],[70689.7,0.002],[70689.1,0.988],[70687.9,0.0],[70677.5,0.0],[70667.4,0.0],[70651.2,0.0],[70651.0,0.02],[70631.4,0.746]],"_doc":"288ce0e5-e661-4fb7-b701-0f861754796c"},{"receive_time":1712791379.29,"timestamp":"2024-04-11 00:22:59","asks":[[70715.9,0.183],[70717.2,0.015],[70718.4,0.0],[70726.2,0.057],[70733.6,0.143],[70740.6,0.045],[70744.4,0.628],[70747.0,0.062],[70747.7,0.0],[70748.0,0.019],[70748.7,0.0],[70750.9,1.36],[70752.9,0.0],[70753.2,0.01],[70755.4,1.795],[70756.4,1.741],[70756.6,0.003],[70757.8,0.0],[70758.3,0.001],[70764.4,0.14],[70778.5,0.071],[70785.6,0.021],[70785.8,0.583],[70795.8,0.516],[70809.9,0.0],[70810.0,0.0],[70810.3,0.0]],"bids":[[70703.4,0.01],[70702.1,0.293],[70701.9,0.288],[70701.6,0.0],[70701.4,0.466],[70701.0,0.286],[70694.8,1.744],[70694.3,0.286],[70694.0,0.013],[70693.5,0.01],[70692.9,0.0],[70692.7,1.724],[70691.1,0.015],[70690.6,1.753],[70689.2,0.012],[70687.6,0.959],[70684.4,2.626],[70681.6,6.194],[70676.7,0.362],[70651.2,0.02],[70651.1,0.465],[70646.7,0.0],[70646.6,0.0],[70643.3,5.096],[70626.4,0.0]],"_doc":"db16e5bd-5074-4631-8137-37e8e915815b"},{"receive_time":1712791379.19,"timestamp":"2024-04-11 00:22:59","asks":[[70715.9,0.168],[70716.1,0.005],[70718.4,0.015],[70726.2,0.0],[70726.8,0.0],[70733.6,0.0],[70745.8,0.0],[70746.8,0.001],[70747.7,0.01],[70748.7,0.01],[70748.8,0.1],[70752.9,0.01],[70755.4,1.805],[70755.8,0.01],[70756.0,0.0],[70757.8,1.741],[70758.4,2.809],[70775.8,0.364],[70786.4,1.311]],"bids":[[70715.8,20.869],[70715.3,0.015],[70714.6,1.51],[70713.4,0.057],[70712.0,0.459],[70710.0,0.073],[70709.9,1.538],[70705.0,0.006],[70702.9,0.643],[70702.2,0.029],[70700.9,0.04],[70694.4,4.303],[70694.3,0.296],[70692.9,2.468],[70692.8,0.0],[70692.7,0.07],[70691.6,0.029],[70691.1,0.025],[70690.9,0.243],[70690.6,1.743],[70690.5,0.572],[70690.0,0.0],[70689.2,1.234],[70689.0,0.282],[70688.5,0.0],[70687.6,0.071],[70686.9,0.237],[70685.7,0.0],[70683.3,0.251],[70676.3,0.0],[70666.2,0.0],[70624.6,0.04]],"_doc":"0dbf53e2-2406-46d1-9e17-03bf9878fb2a"},{"receive_time":1712791379.09,"timestamp":"2024-04-11 00:22:59","asks":[[70716.1,0.02],[70716.4,0.015],[70726.8,0.028],[70728.8,0.303],[70732.9,0.045],[70735.8,0.01],[70735.9,1.059],[70737.8,0.0],[70738.7,0.297],[70739.2,0.531],[70742.0,0.531],[70743.1,0.743],[70745.8,0.01],[70746.3,0.071],[70746.8,0.011],[70752.7,0.028],[70753.2,0.0],[70753.3,0.332],[70754.9,0.029],[70755.8,1.751],[70756.0,2.051],[70757.2,0.0],[70772.5,0.071],[70782.3,2.17],[70782.4,0.015],[70785.7,4.228],[70785.8,0.603],[70805.6,0.007],[70810.7,0.0],[70810.9,0.0],[70811.0,0.0],[70811.1,0.0],[70811.2,0.0]],"bids":[[70715.8,20.848],[70714.6,1.31],[70705.0,0.0],[70702.8,0.7],[70701.6,0.01],[70700.9,0.05],[70700.8,0.286],[70700.3,0.143],[70699.8,0.327],[70697.9,0.703],[70694.6,1.002],[70692.8,4.103],[70692.7,0.08],[70691.6,2.502],[70690.6,0.0],[70690.3,0.013],[70690.0,0.01],[70689.0,2.025],[70688.0,0.734],[70687.6,1.371],[70687.4,0.914],[70686.2,1.062],[70683.3,0.231],[70680.4,0.0],[70675.6,0.071],[70673.9,0.147],[70673.7,0.291],[70652.5,0.0],[70624.6,0.0],[70624.5,0.0],[70624.3,0.0]],"_doc":"b0fee3e1-e993-4eb3-a4a3-945cf36cceb3"},{"receive_time":1712791378.991,"timestamp":"2024-04-11 00:22:58","asks":[[70720.4,0.0],[70721.4,0.0],[70722.0,0.001],[70723.0,0.0],[70723.6,0.0],[70724.6,0.0],[70729.8,0.0],[70730.4,0.296],[70733.5,0.144],[70734.3,0.0],[70739.2,0.576],[70742.0,0.541],[70744.3,0.358],[70745.9,0.029],[70746.4,0.071],[70747.0,0.052],[70748.2,0.642],[70749.9,0.773],[70751.5,0.023],[70752.3,0.6],[70753.3,2.073],[70753.7,0.071],[70754.8,0.014],[70757.2,4.099],[70757.3,0.001],[70760.4,1.453],[70762.7,0.505],[70765.0,0.567],[70769.8,0.071],[70774.5,0.621],[70775.5,0.012],[70776.5,0.715],[70781.1,0.0],[70781.2,0.042],[70782.3,2.19],[70782.4,0.035],[70783.9,0.0],[70785.8,0.583],[70789.9,0.221],[70791.8,0.002],[70808.3,2.363],[70810.3,0.005],[70810.7,4.323],[70810.9,0.438],[70811.0,0.029],[70811.1,0.001],[70811.2,0.039]],"bids":[[70715.8,20.938],[70715.6,0.028],[70715.5,0.003],[70715.1,0.073],[70713.8,0.0],[70713.2,2.936],[70712.3,0.029],[70712.2,0.022],[70712.1,0.115],[70712.0,0.099],[70711.9,0.312],[70709.9,1.744],[70709.6,0.049],[70709.4,0.021],[70709.3,0.028],[70708.5,0.311],[70705.0,0.206],[70703.3,0.446],[70701.5,0.029],[70699.6,0.288],[70699.0,0.234],[70697.9,1.047],[70696.6,0.003],[70695.7,0.173],[70692.7,2.532],[70692.5,0.0],[70692.1,0.286],[70690.6,0.01],[70690.3,4.116],[70689.8,0.706],[70688.7,0.071],[70688.0,0.744],[70687.3,0.0],[70687.1,0.635],[70683.1,0.0],[70675.1,0.315],[70669.6,0.0],[70665.0,0.0],[70628.8,0.0],[70627.4,0.02],[70624.5,0.005],[70624.3,0.007]],"_doc":"681b9c57-3d95-4113-9409-28268d8013df"},{"receive_time":1712791378.892,"timestamp":"2024-04-11 00:22:58","asks":[[70720.4,0.028],[70721.4,0.057],[70722.0,0.029],[70723.0,0.057],[70723.6,0.028],[70723.7,0.0],[70724.6,0.057],[70724.8,0.0],[70725.1,0.07],[70725.6,0.0],[70725.9,0.0],[70726.0,0.0],[70726.1,0.0],[70726.9,0.0],[70727.6,0.0],[70729.5,0.071],[70729.6,0.0],[70730.1,0.0],[70730.4,0.008],[70732.1,0.7],[70732.8,0.0],[70732.9,0.067],[70733.3,0.001],[70733.4,0.0],[70733.5,0.143],[70733.6,0.143],[70733.7,0.071],[70733.9,0.703],[70734.2,0.0],[70734.3,0.288],[70734.6,0.008],[70735.0,0.726],[70735.1,0.0],[70735.3,0.0],[70735.7,0.0],[70736.3,0.0],[70736.6,0.331],[70736.7,0.283],[70736.8,0.0],[70736.9,0.283],[70737.1,0.007],[70737.3,0.4],[70737.5,0.283],[70737.8,0.002],[70738.1,1.89],[70738.3,0.354],[70738.5,0.0],[70739.0,0.291],[70739.6,0.58],[70739.7,0.378],[70740.0,0.334],[70740.1,0.306],[70740.2,0.002],[70740.3,0.283],[70740.6,0.001],[70740.7,0.528],[70741.4,0.291],[70741.5,0.0],[70741.8,0.077],[70742.0,0.531],[70742.3,0.568],[70742.8,0.531],[70743.1,0.765],[70743.4,0.021],[70743.5,0.111],[70743.6,0.042],[70743.7,0.064],[70744.2,0.0],[70744.5,0.029],[70745.2,0.172],[70745.4,0.07],[70745.6,0.435],[70745.9,0.039],[70746.2,0.013],[70746.4,0.088],[70746.6,0.0],[70746.8,0.001],[70747.0,0.062],[70747.1,0.423],[70747.3,0.0],[70747.5,0.009],[70747.8,0.143],[70748.0,0.009],[70748.2,0.5],[70748.7,0.0],[70748.8,0.029],[70749.1,0.094],[70749.2,0.0],[70749.6,0.015],[70750.2,0.753],[70750.3,0.071],[70750.8,0.022],[70751.0,0.0],[70751.2,2.531],[70751.3,0.807],[70751.7,0.061],[70751.8,0.028],[70752.0,0.075],[70752.2,0.07],[70752.5,0.03],[70752.7,0.05],[70753.1,0.171],[70753.8,0.123],[70754.2,0.021],[70754.3,0.028],[70754.8,1.755],[70754.9,2.08],[70755.5,0.028],[70756.5,0.03],[70757.3,4.1],[70758.1,0.0],[70759.2,4.24],[70759.6,0.0],[70760.0,0.777],[70761.0,0.012],[70761.6,0.422],[70761.8,4.39],[70763.5,0.029],[70764.1,0.014],[70765.3,0.0],[70766.5,0.071],[70767.5,0.0],[70768.2,1.922],[70768.6,0.0],[70768.7,1.75],[70768.9,0.021],[70769.6,1.289],[70770.5,2.831],[70773.6,18.786],[70774.5,1.045],[70778.7,2.726],[70779.3,1.305],[70779.7,0.425],[70779.9,0.0],[70780.5,2.636],[70781.1,0.02],[70781.2,0.062],[70781.4,1.096],[70781.5,0.0],[70783.9,0.003],[70784.0,0.0],[70785.6,0.001],[70785.8,0.58],[70785.9,0.443],[70786.6,1.161],[70789.9,0.222],[70790.2,0.172],[70790.5,0.0],[70792.3,0.509],[70793.6,1.133],[70794.8,1.558],[70795.8,0.509],[70797.3,0.143],[70797.8,0.0],[70799.5,1.459],[70800.7,5.32],[70806.6,0.0],[70807.8,0.989],[70810.3,0.0]],"bids":[[70715.8,20.983],[70715.6,0.034],[70715.1,0.093],[70715.0,0.057],[70714.6,1.43],[70714.3,0.028],[70713.8,0.02],[70713.4,1.886],[70713.3,0.0],[70713.2,3.177],[70712.3,0.0],[70712.2,0.642],[70712.1,0.086],[70711.9,0.283],[70711.8,0.057],[70711.6,0.0],[70711.5,0.283],[70711.3,0.021],[70711.2,0.347],[70711.1,0.594],[70710.6,0.283],[70710.4,0.028],[70710.3,0.028],[70710.2,0.085],[70709.9,1.742],[70709.8,13.776],[70709.7,0.283],[70709.6,0.028],[70709.2,0.056],[70709.1,0.028],[70709.0,0.433],[70708.8,0.028],[70708.5,0.411],[70708.2,0.354],[70708.1,0.283],[70706.8,0.837],[70706.6,1.38],[70706.3,0.057],[70706.0,0.029],[70705.8,0.0],[70705.7,0.042],[70705.6,0.042],[70705.5,0.084],[70705.2,0.071],[70705.1,0.113],[70705.0,0.306],[70704.9,0.008],[70704.5,0.0],[70704.4,0.0],[70704.1,0.0],[70703.8,0.0],[70703.1,0.298],[70702.9,0.501],[70702.8,0.728],[70702.6,0.045],[70701.7,0.001],[70700.8,0.0],[70700.7,0.218],[70700.1,0.012],[70699.9,1.078],[70699.7,0.286],[70699.6,0.316],[70699.4,0.02],[70699.2,0.143],[70699.0,0.291],[70698.7,0.003],[70698.3,0.816],[70698.2,0.002],[70698.1,0.315],[70698.0,0.0],[70697.9,0.703],[70697.4,0.0],[70697.3,1.459],[70697.1,0.929],[70697.0,0.287],[70696.8,0.532],[70696.3,0.633],[70695.8,1.177],[70695.5,0.919],[70695.2,0.02],[70694.9,0.095],[70694.7,0.662],[70694.6,0.002],[70694.5,1.083],[70694.2,0.702],[70694.0,1.756],[70693.9,0.662],[70693.7,0.277],[70693.4,0.774],[70693.1,0.682],[70693.0,0.584],[70692.6,0.854],[70692.5,4.103],[70692.4,0.361],[70692.1,1.317],[70692.0,1.698],[70691.1,0.015],[70691.0,0.113],[70690.9,0.172],[70690.8,0.0],[70690.2,0.288],[70689.9,0.438],[70688.8,0.0],[70688.7,0.081],[70688.6,0.4],[70688.1,0.03],[70687.6,3.114],[70687.4,0.0],[70687.3,0.143],[70687.1,0.645],[70687.0,0.0],[70686.4,0.772],[70686.3,0.0],[70686.2,1.976],[70685.3,0.0],[70684.5,0.074],[70684.4,2.555],[70683.9,0.516],[70683.5,0.0],[70682.6,0.531],[70682.2,2.961],[70681.7,1.312],[70680.5,2.481],[70680.2,0.297],[70679.2,0.221],[70678.8,0.975],[70678.0,0.029],[70676.8,0.0],[70676.3,0.071],[70675.9,0.573],[70675.3,1.021],[70674.5,0.09],[70673.4,0.073],[70672.7,1.289],[70669.9,4.245],[70667.3,4.536],[70666.2,0.071],[70666.0,0.0],[70659.9,1.797],[70655.6,0.143],[70654.1,1.078],[70647.1,0.288],[70645.1,0.991],[70642.5,0.172],[70641.4,5.782],[70638.8,0.735],[70638.1,0.991],[70634.9,0.0],[70634.7,4.969],[70633.3,0.0],[70631.0,0.991],[70629.8,0.0],[70625.3,0.0],[70624.5,0.0],[70624.3,0.0],[70623.9,0.0],[70623.8,0.0],[70623.3,0.0],[70623.2,0.0],[70623.1,0.0],[70623.0,0.0],[70622.9,0.0],[70622.7,0.0],[70622.6,0.0],[70622.5,0.0],[70622.0,0.0],[70621.9,0.0],[70621.6,0.0],[70621.5,0.0]],"_doc":"1d8088cf-34fb-4173-8d0f-6caa10f5f5b4"},{"receive_time":1712791378.793,"timestamp":"2024-04-11 00:22:58","asks":[[70710.0,0.0],[70711.7,0.0],[70711.9,0.0],[70712.3,0.0],[70713.3,0.0],[70714.7,0.0],[70717.2,0.0],[70718.2,0.0],[70718.8,0.0],[70719.8,0.0],[70720.4,0.0],[70721.4,0.0],[70722.0,0.001],[70723.0,0.0],[70723.3,0.0],[70723.4,0.0],[70723.5,0.0],[70723.6,0.0],[70723.7,0.112],[70723.8,0.0],[70724.3,0.0],[70724.6,0.0],[70725.1,0.182],[70725.2,0.0],[70725.4,0.0],[70725.6,0.046],[70726.0,0.112],[70726.3,0.0],[70726.7,0.021],[70726.9,0.112],[70727.2,0.283],[70727.4,0.0],[70727.6,0.009],[70727.8,0.0],[70728.0,0.066],[70728.8,0.283],[70728.9,0.001],[70729.0,0.0],[70729.1,0.0],[70729.5,0.072],[70729.6,0.001],[70729.8,0.001],[70730.3,0.0],[70730.4,0.0],[70730.6,0.0],[70731.2,0.0],[70731.3,0.002],[70731.5,0.0],[70731.8,0.0],[70731.9,0.0],[70732.1,0.0],[70732.3,0.0],[70732.7,0.0],[70732.8,0.008],[70732.9,0.022],[70733.4,0.001],[70733.6,0.0],[70733.8,0.0],[70734.0,0.014],[70734.2,0.029],[70734.6,0.0],[70734.7,0.0],[70734.8,0.0],[70734.9,0.0],[70735.2,0.0],[70735.4,0.0],[70735.5,0.0],[70735.8,0.0],[70735.9,1.081],[70736.3,0.021],[70736.8,0.008],[70736.9,0.011],[70737.0,0.05],[70737.2,0.0],[70737.5,0.0],[70737.7,0.7],[70738.0,0.531],[70738.1,1.607],[70738.2,0.001],[70738.3,0.071],[70739.0,0.008],[70739.2,0.531],[70739.6,0.016],[70739.7,0.095],[70739.9,0.503],[70740.2,0.072],[70740.9,0.0],[70741.0,0.071],[70741.2,0.0],[70741.8,0.006],[70741.9,0.0],[70742.1,0.531],[70742.3,0.002],[70742.5,0.0],[70742.6,0.0],[70742.7,0.434],[70742.8,0.532],[70742.9,0.067],[70743.0,0.602],[70743.2,0.0],[70743.4,0.024],[70743.6,0.0],[70743.7,0.899],[70744.0,0.361],[70744.1,0.029],[70744.2,0.008],[70744.5,0.529],[70744.6,0.0],[70745.0,1.459],[70745.6,0.433],[70745.7,0.006],[70746.0,0.022],[70746.4,0.071],[70746.6,0.028],[70747.0,0.052],[70747.1,0.451],[70747.3,0.07],[70747.5,2.483],[70747.8,0.028],[70748.3,1.358],[70748.7,0.01],[70748.8,0.057],[70749.1,0.122],[70749.2,0.028],[70749.6,0.124],[70750.2,0.683],[70750.8,0.064],[70751.0,5.101],[70751.7,0.04],[70752.1,0.423],[70752.4,0.014],[70753.4,0.67],[70753.9,0.0],[70754.2,0.0],[70757.1,0.0],[70757.5,0.007],[70758.1,4.24],[70758.5,0.098],[70759.2,4.277],[70759.9,0.003],[70760.0,0.339],[70761.2,0.022],[70761.6,0.451],[70762.4,0.04],[70762.5,1.361],[70763.8,0.0],[70765.0,0.143],[70765.3,0.01],[70767.5,0.002],[70768.7,1.753],[70768.8,0.7],[70770.7,1.423],[70772.0,0.411],[70776.5,0.573],[70780.7,4.337],[70784.0,0.989],[70785.5,0.251],[70785.6,0.011],[70786.6,0.172],[70787.7,0.221],[70788.7,0.7],[70790.5,0.989],[70793.1,0.418],[70793.6,0.144],[70794.8,1.413],[70796.6,0.0],[70796.7,0.573],[70799.5,2.448],[70801.9,0.7],[70804.1,0.03],[70804.2,0.014],[70804.3,0.004],[70804.4,0.221],[70804.5,0.003],[70804.6,0.416],[70804.7,4.168],[70805.1,2.06],[70805.2,0.001],[70805.3,0.704],[70805.7,4.332],[70805.8,0.04],[70806.1,0.341],[70806.2,0.001],[70806.6,0.989],[70806.7,1.289],[70806.9,0.001],[70807.0,1.213],[70807.1,0.438],[70807.2,0.001],[70807.3,0.029],[70807.6,0.014],[70807.7,1.289],[70807.9,0.221],[70808.3,0.635],[70808.6,1.466],[70808.7,0.004],[70808.8,9.909],[70809.2,0.025],[70809.5,0.003],[70809.6,0.002],[70809.7,4.331],[70809.8,0.008],[70809.9,0.7],[70810.0,0.081],[70810.3,0.005]],"bids":[[70715.8,18.112],[70714.6,15.713],[70714.0,0.028],[70713.4,0.057],[70713.3,0.402],[70713.2,13.329],[70712.7,0.028],[70712.4,0.028],[70712.3,0.4],[70712.2,1.034],[70712.1,1.436],[70712.0,0.07],[70711.8,0.075],[70711.7,0.417],[70711.6,0.002],[70711.2,0.064],[70711.1,0.028],[70710.8,0.028],[70710.2,0.057],[70710.1,8.098],[70709.9,2.831],[70708.3,0.0],[70708.0,0.071],[70706.7,0.172],[70706.6,0.703],[70706.5,0.0],[70706.1,0.0],[70706.0,0.032],[70705.8,0.028],[70705.7,0.0],[70705.6,0.028],[70705.5,0.028],[70705.2,0.07],[70704.9,0.028],[70704.5,0.028],[70704.4,0.028],[70704.3,0.0],[70704.1,0.028],[70704.0,0.071],[70703.8,0.028],[70703.7,0.002],[70703.6,0.01],[70703.1,0.01],[70702.9,0.283],[70702.8,1.056],[70702.7,0.01],[70702.5,0.535],[70702.4,0.07],[70702.0,0.622],[70701.9,0.002],[70701.7,0.0],[70701.5,0.057],[70700.7,0.655],[70700.4,0.0],[70700.3,0.0],[70700.2,0.0],[70700.1,0.003],[70700.0,0.071],[70699.9,1.106],[70699.7,0.0],[70699.4,0.03],[70699.1,0.0],[70698.3,0.56],[70698.0,0.029],[70697.8,0.043],[70697.3,1.469],[70697.2,0.918],[70696.9,0.431],[70696.8,0.531],[70696.6,0.145],[70696.4,0.531],[70695.8,0.677],[70694.5,1.085],[70694.4,0.201],[70694.0,0.013],[70693.4,2.031],[70693.1,4.786],[70693.0,0.585],[70692.3,0.633],[70692.0,1.708],[70691.7,0.07],[70691.5,2.743],[70691.1,2.857],[70690.9,0.174],[70690.5,1.565],[70690.2,0.704],[70690.0,0.0],[70689.9,0.938],[70689.8,0.635],[70689.2,0.012],[70688.7,0.071],[70688.4,0.0],[70688.3,0.0],[70688.0,0.734],[70687.4,0.002],[70687.3,0.156],[70686.8,0.0],[70686.6,0.284],[70686.4,0.771],[70686.0,0.0],[70685.4,0.218],[70685.2,0.071],[70684.5,0.073],[70684.3,4.246],[70684.0,0.141],[70683.3,0.16],[70683.0,2.839],[70681.7,1.923],[70681.6,6.265],[70681.4,0.0],[70680.8,0.013],[70680.5,0.006],[70680.4,0.071],[70680.3,0.143],[70680.2,0.797],[70680.1,0.005],[70678.6,0.227],[70678.4,0.0],[70678.0,0.106],[70676.8,2.476],[70675.1,0.386],[70673.3,0.0],[70672.9,0.0],[70671.6,0.0],[70671.1,0.0],[70668.0,1.459],[70666.2,4.316],[70662.7,0.0],[70660.5,0.015],[70658.5,2.061],[70649.9,0.7],[70648.4,0.012],[70647.0,0.0],[70646.9,0.0],[70646.7,0.02],[70646.6,0.02],[70644.0,0.493],[70642.5,1.163],[70642.1,2.13],[70639.2,6.194],[70636.3,0.0],[70634.9,0.991],[70634.5,0.0],[70632.2,0.0],[70631.1,0.0],[70629.8,0.991],[70627.7,1.962],[70627.3,1.428],[70627.2,3.823],[70625.1,0.143],[70622.7,0.991],[70621.2,0.0],[70620.8,0.0],[70620.7,0.0],[70620.6,0.0],[70620.4,0.0],[70620.2,0.0],[70620.0,0.0],[70619.7,0.0],[70619.1,0.0],[70618.9,0.0],[70618.8,0.0],[70618.4,0.0],[70618.1,0.0],[70618.0,0.0]],"_doc":"66f19a3d-06d5-4a6a-871d-c5d88638217b"},{"receive_time":1712791378.69,"timestamp":"2024-04-11 00:22:58","asks":[[70710.0,0.072],[70717.2,0.028],[70723.4,0.4],[70726.2,0.057],[70732.3,0.002],[70744.1,0.039],[70744.2,0.028],[70781.3,0.029],[70781.5,0.02],[70786.6,0.0],[70787.6,6.572],[70788.7,0.844],[70792.1,0.087],[70804.1,0.0],[70804.2,0.0],[70804.3,0.0],[70804.4,0.0],[70804.5,0.0]],"bids":[[70709.9,17.399],[70691.1,2.858],[70662.7,0.01],[70647.0,0.02],[70646.8,0.37],[70617.8,0.0],[70617.7,0.0]],"_doc":"90d5b56d-0cf6-4de8-a39f-c7cda4100c7b"},{"receive_time":1712791378.59,"timestamp":"2024-04-11 00:22:58","asks":[[70710.0,0.029],[70734.4,0.312],[70736.0,0.0],[70738.5,0.028],[70740.2,0.078],[70741.6,0.071],[70745.2,0.242],[70781.3,0.049],[70781.5,0.0],[70786.6,0.092],[70787.6,6.284]],"bids":[[70709.9,18.099],[70691.0,0.072],[70690.9,0.183],[70690.3,0.013],[70690.0,0.011],[70689.2,1.755],[70688.1,0.1],[70687.7,0.0],[70687.4,0.0],[70687.3,0.166],[70687.1,0.663],[70684.0,0.672],[70683.1,0.286],[70647.0,0.0],[70646.8,0.39],[70618.0,5.338],[70617.8,1.734],[70617.7,0.922]],"_doc":"aa8d9e7e-7b42-4db8-b0de-74ba4ae3f84b"},{"receive_time":1712791378.49,"timestamp":"2024-04-11 00:22:58","asks":[[70710.0,0.126],[70717.2,0.0],[70722.7,0.0],[70732.5,0.0],[70739.8,1.459],[70740.4,0.772],[70740.6,0.0],[70740.9,0.001],[70743.0,0.099],[70743.7,0.969],[70744.0,0.431],[70744.2,0.038],[70751.0,5.111],[70765.2,0.0],[70781.4,1.116],[70781.6,0.0],[70804.1,0.03],[70804.2,0.014],[70804.3,0.004],[70804.4,0.221],[70804.5,0.003]],"bids":[[70709.9,17.391],[70701.9,0.058],[70701.5,0.127],[70698.6,0.572],[70698.2,0.0],[70690.3,0.023],[70689.4,0.0],[70687.4,0.01],[70687.3,0.156],[70671.7,0.0],[70647.1,0.0],[70646.9,0.02],[70618.4,0.291],[70618.1,0.069]],"_doc":"614d88d1-fca8-4c82-bb01-5bd01923a4d1"},{"receive_time":1712791378.391,"timestamp":"2024-04-11 00:22:58","asks":[[70711.7,0.016],[70711.9,0.002],[70715.0,0.0],[70715.6,0.0],[70716.6,0.0],[70748.3,1.368],[70751.0,5.101],[70765.2,0.01],[70803.8,0.577]],"bids":[[70700.7,1.409],[70697.2,0.928],[70691.0,0.082],[70690.9,0.173],[70689.8,4.738],[70688.4,0.07],[70687.7,1.743],[70687.3,0.166],[70687.2,0.508],[70618.4,0.0]],"_doc":"8d613aa9-dc83-4977-b93f-c444b928b3ef"},{"receive_time":1712791378.29,"timestamp":"2024-04-11 00:22:58","asks":[[70711.9,0.018],[70713.0,0.0],[70715.0,0.057],[70715.6,0.028],[70716.6,0.057],[70724.3,0.576],[70743.6,0.028],[70744.0,0.371],[70747.0,0.073],[70751.0,5.111],[70759.2,0.029],[70765.1,1.297],[70803.8,0.0],[70804.1,0.0]],"bids":[[70700.7,1.121],[70690.9,4.286],[70690.3,0.013],[70688.4,1.813],[70687.6,0.071],[70686.8,2.161],[70686.6,0.0],[70641.6,0.0],[70618.8,1.651],[70618.4,0.291]],"_doc":"9c78a095-244f-45ac-a22b-12029fce5fac"},{"receive_time":1712791378.19,"timestamp":"2024-04-11 00:22:58","asks":[[70713.0,0.016],[70714.2,0.0],[70715.6,0.0],[70716.6,0.0],[70720.8,0.0],[70722.9,0.0],[70740.0,0.051],[70742.6,0.01],[70743.2,0.056],[70743.5,0.027],[70743.6,0.038],[70765.1,1.307],[70781.5,0.02],[70781.7,0.72],[70794.6,0.0],[70803.7,0.002],[70803.8,0.577],[70804.1,0.03]],"bids":[[70709.9,16.147],[70701.9,0.03],[70701.7,0.311],[70699.1,0.01],[70698.8,0.0],[70698.7,0.024],[70698.6,0.6],[70687.2,0.518],[70687.0,0.04],[70647.2,0.717],[70647.0,0.02],[70641.6,0.01],[70618.8,0.0],[70618.4,0.0]],"_doc":"7482970a-3afe-4f9f-9641-2ce58fc79e3f"},{"receive_time":1712791378.09,"timestamp":"2024-04-11 00:22:58","asks":[[70711.4,0.0],[70714.0,0.0],[70714.2,0.016],[70715.0,0.0],[70741.7,0.109],[70743.2,0.038],[70748.0,0.0],[70764.7,0.04],[70803.3,0.45],[70803.4,0.024],[70803.5,0.621]],"bids":[[70700.7,1.409],[70700.4,0.241],[70696.7,0.0],[70689.4,0.01],[70689.3,0.172],[70687.2,0.508],[70687.0,0.05],[70686.6,1.743],[70686.3,0.013],[70618.1,0.0]],"_doc":"6cdbac55-069b-44be-b43d-e6e8f6ac7f5c"},{"receive_time":1712791377.99,"timestamp":"2024-04-11 00:22:57","asks":[[70713.4,0.0],[70741.7,0.119],[70742.3,0.502],[70748.0,0.01],[70748.3,1.358],[70759.2,0.038],[70764.7,0.05],[70765.0,0.214],[70779.9,0.003],[70780.0,0.181],[70803.3,0.0]],"bids":[[70699.1,0.0],[70698.8,0.01],[70697.2,0.918],[70696.7,0.01],[70689.4,0.0],[70689.3,0.182],[70687.3,0.156],[70687.2,0.518]],"_doc":"9ccefca5-7a14-4101-a8ab-b43c95660398"},{"receive_time":1712791377.89,"timestamp":"2024-04-11 00:22:57","asks":[[70710.0,0.261],[70742.3,0.512],[70742.6,0.0],[70743.5,0.037],[70743.6,0.049],[70803.3,0.45]],"bids":[[70689.4,0.01],[70688.7,0.002],[70687.6,1.814],[70687.3,0.166],[70686.9,0.523],[70686.1,0.0],[70647.2,0.737],[70647.1,0.02],[70646.9,0.0],[70646.8,0.37]],"_doc":"d35a8a44-8cc6-4bde-9c3f-f4ac31fa10c5"},{"receive_time":1712791377.791,"timestamp":"2024-04-11 00:22:57","asks":[[70710.0,0.224],[70743.6,0.059],[70744.0,0.361],[70765.0,0.224],[70780.0,0.184],[70785.9,0.444],[70797.8,1.661],[70803.3,0.0]],"bids":[[70699.1,0.01],[70689.2,0.012],[70688.7,0.012],[70687.0,0.04],[70686.9,0.533],[70686.3,1.756],[70686.1,1.743],[70662.8,0.7],[70647.2,0.717],[70647.1,0.0],[70646.9,0.02],[70646.8,0.39],[70618.0,0.0],[70617.8,0.0]],"_doc":"e63774b1-ce45-4a77-8ad0-a492c763271a"},{"receive_time":1712791377.69,"timestamp":"2024-04-11 00:22:57","asks":[[70743.5,0.027],[70744.0,0.371],[70749.3,0.0],[70750.2,1.661],[70765.1,1.297],[70803.3,0.45]],"bids":[[70699.2,0.0],[70690.9,0.183],[70690.0,0.001],[70689.5,0.0],[70689.2,0.022],[70687.0,1.793],[70686.9,2.266],[70686.6,0.0],[70685.4,0.0],[70662.8,0.71],[70618.4,0.291],[70618.1,0.069],[70618.0,5.338],[70617.8,1.734]],"_doc":"f62cae83-27af-4a39-b208-fdc52256f519"},{"receive_time":1712791377.59,"timestamp":"2024-04-11 00:22:57","asks":[[70711.4,0.016],[70711.6,0.0],[70713.3,0.016],[70722.9,0.288],[70742.6,0.01],[70742.8,0.0],[70743.5,0.037],[70743.8,1.317],[70744.2,0.0],[70748.3,1.368],[70753.0,1.295],[70765.1,1.307],[70803.3,0.0],[70803.4,0.0]],"bids":[[70709.9,15.447],[70702.6,0.051],[70700.8,0.028],[70700.6,0.0],[70697.3,0.0],[70697.2,0.928],[70695.8,0.678],[70694.4,0.035],[70690.8,1.369],[70690.3,4.116],[70690.0,0.011],[70689.5,2.467],[70689.4,0.0],[70688.7,0.002],[70687.0,0.04],[70686.6,0.01],[70686.3,0.013],[70685.4,3.486],[70618.4,0.0]],"_doc":"fef06638-d240-4a86-83d4-32510617ea47"},{"receive_time":1712791377.491,"timestamp":"2024-04-11 00:22:57","asks":[[70710.0,0.256],[70711.6,0.016],[70712.3,0.016],[70712.7,0.0],[70713.3,0.0],[70713.4,0.057],[70714.0,0.028],[70714.5,0.0],[70720.8,0.7],[70722.8,0.003],[70727.8,0.39],[70730.1,0.141],[70730.9,0.362],[70737.0,0.123],[70739.7,0.105],[70740.0,0.079],[70740.9,0.029],[70742.7,0.965],[70742.8,0.01],[70745.4,0.0],[70749.3,1.741],[70753.4,0.433],[70754.2,0.071],[70759.2,0.029],[70780.0,0.181],[70785.9,0.443],[70801.1,0.005],[70803.5,0.0],[70803.7,0.0],[70803.8,0.0],[70804.1,0.0]],"bids":[[70709.9,15.495],[70702.4,0.091],[70700.6,0.002],[70700.0,0.098],[70699.7,0.07],[70699.2,0.01],[70699.1,0.0],[70697.1,0.296],[70696.6,0.142],[70696.3,0.0],[70693.8,0.0],[70693.2,0.214],[70693.1,0.049],[70692.8,0.0],[70690.8,0.0],[70690.3,0.013],[70690.0,0.001],[70689.4,4.103],[70688.7,0.012],[70687.0,0.05],[70686.3,1.756],[70685.4,1.743],[70682.8,0.071],[70672.1,0.0],[70647.3,0.0],[70647.1,0.02],[70618.8,1.651],[70618.4,0.291]],"_doc":"1406a80b-2b00-4049-8316-843b5151f202"},{"receive_time":1712791377.39,"timestamp":"2024-04-11 00:22:57","asks":[[70710.0,0.246],[70712.7,0.015],[70713.1,0.0],[70722.8,0.291],[70724.3,0.288],[70726.3,0.288],[70727.8,0.218],[70740.9,0.039],[70741.1,0.0],[70741.3,0.03],[70745.0,1.487],[70745.4,0.01],[70746.0,0.165],[70765.3,0.0],[70781.6,0.02],[70781.7,0.74],[70782.0,0.0],[70782.1,0.022],[70804.2,0.0]],"bids":[[70709.8,13.493],[70700.7,1.121],[70700.3,0.141],[70700.2,0.07],[70699.2,0.0],[70697.3,0.01],[70697.0,0.288],[70696.9,0.433],[70696.8,0.0],[70695.8,0.016],[70694.4,2.503],[70693.8,4.103],[70692.8,0.01],[70691.5,1.338],[70691.4,0.0],[70690.8,1.743],[70690.0,0.011],[70619.1,0.029],[70618.9,1.459]],"_doc":"e9d3f2a1-0a94-4af1-80ad-21a84bd4c153"},{"receive_time":1712791377.291,"timestamp":"2024-04-11 00:22:57","asks":[[70712.5,0.0],[70714.5,0.015],[70732.4,0.071],[70740.9,0.029],[70741.1,0.01],[70745.1,0.0],[70746.0,0.175],[70781.6,0.0],[70781.7,0.72],[70782.0,0.02],[70782.1,0.042],[70804.3,0.0]],"bids":[[70699.4,0.02],[70699.2,0.01],[70697.3,0.028],[70693.8,4.113],[70693.5,0.0],[70693.2,0.224],[70692.9,0.0],[70691.4,1.743],[70690.3,1.756],[70690.0,0.001],[70689.4,0.0],[70676.3,0.073],[70662.8,0.7],[70647.3,0.02],[70647.2,0.737],[70647.1,0.0],[70646.9,0.0],[70619.7,0.445]],"_doc":"e1a5ef63-a465-4e4c-afdd-b9de8c1edabf"},{"receive_time":1712791377.19,"timestamp":"2024-04-11 00:22:57","asks":[[70710.0,0.257],[70712.5,0.015],[70712.8,0.0],[70765.3,0.01],[70781.6,0.02],[70781.7,0.74],[70781.8,0.0],[70781.9,0.029],[70804.4,0.0]],"bids":[[70709.8,0.61],[70708.7,0.283],[70705.9,0.071],[70705.1,0.0],[70700.7,1.093],[70699.4,0.03],[70699.2,0.0],[70697.3,0.038],[70671.7,0.005],[70662.8,0.71],[70647.2,0.717],[70647.1,0.02],[70646.9,0.02],[70646.8,0.37],[70619.7,0.0]],"_doc":"96276f26-1bd0-474a-8159-f29e46db0918"},{"receive_time":1712791377.09,"timestamp":"2024-04-11 00:22:57","asks":[[70712.2,0.0],[70712.8,0.015],[70745.1,0.01],[70745.2,0.172],[70748.7,0.0],[70765.1,1.297]],"bids":[[70697.4,0.057],[70696.5,0.0],[70693.5,0.01],[70693.1,1.418],[70690.3,0.023],[70690.1,0.0],[70689.4,1.743],[70647.4,2.831],[70647.3,0.0],[70647.2,0.737],[70646.8,0.39],[70619.7,0.445]],"_doc":"e57ab465-7f35-4a01-ba8d-a502c46a590c"},{"receive_time":1712791376.99,"timestamp":"2024-04-11 00:22:56","asks":[[70713.4,0.0],[70714.0,0.0],[70748.3,1.358],[70748.7,0.01],[70765.1,1.307],[70769.6,1.292],[70769.7,0.0],[70804.3,0.004],[70804.4,0.221]],"bids":[[70709.9,17.819],[70700.7,1.381],[70697.4,0.067],[70697.2,0.918],[70693.4,0.288],[70693.1,1.428],[70690.1,1.753],[70688.7,0.002]],"_doc":"7ca38b05-5231-4e38-a746-303543d63084"},{"receive_time":1712791376.89,"timestamp":"2024-04-11 00:22:56","asks":[[70710.0,0.287],[70727.8,0.0],[70745.1,0.0],[70745.2,0.182],[70748.3,1.368],[70804.1,0.03],[70804.2,0.014]],"bids":[[70697.2,0.928],[70695.8,0.862],[70694.7,0.029],[70694.6,0.0],[70693.4,0.298],[70693.1,1.418],[70692.8,0.0],[70682.8,2.124],[70620.2,0.308],[70620.0,0.02]],"_doc":"b0e11dd6-5194-42ec-bc10-054aa9fa677d"},{"receive_time":1712791376.79,"timestamp":"2024-04-11 00:22:56","asks":[[70710.0,0.329],[70712.2,0.015],[70713.4,0.057],[70714.0,0.028],[70722.7,0.4],[70724.7,0.0],[70726.2,0.0],[70728.9,0.072],[70737.7,1.273],[70741.9,0.531],[70745.1,0.01],[70745.2,0.172],[70748.3,1.358],[70804.1,0.0],[70804.2,0.0],[70804.3,0.0],[70804.4,0.0]],"bids":[[70699.2,0.01],[70694.7,1.398],[70694.6,2.344],[70693.8,0.0],[70693.5,0.0],[70693.2,0.214],[70692.9,4.103],[70692.8,0.01],[70692.6,0.0],[70690.8,0.01],[70690.3,0.013],[70690.1,0.01],[70689.4,0.0],[70688.7,1.745],[70682.5,0.0],[70662.8,0.7]],"_doc":"12632331-4c52-4488-a66d-dca2e0a7d1a6"},{"receive_time":1712791376.69,"timestamp":"2024-04-11 00:22:56","asks":[[70710.0,0.287],[70712.1,0.0],[70712.3,0.0],[70713.1,0.015],[70714.0,0.0],[70745.1,0.0],[70745.2,0.182],[70748.3,1.368],[70804.2,0.014],[70804.3,0.004],[70804.4,0.221]],"bids":[[70693.8,4.103],[70693.5,0.01],[70692.8,0.0],[70692.5,0.0],[70690.3,0.023],[70689.4,1.743],[70662.8,0.71]],"_doc":"3ea1e8c9-76dc-4e8c-9517-40c605ae646b"},{"receive_time":1712791376.59,"timestamp":"2024-04-11 00:22:56","asks":[[70714.0,0.028],[70744.2,0.01],[70744.6,0.028],[70744.9,0.0],[70745.1,0.01],[70749.6,0.096],[70766.3,6.281],[70804.2,0.0],[70804.3,0.0]],"bids":[[70709.9,16.559],[70700.7,1.093],[70700.1,0.087],[70698.4,0.0],[70694.6,0.957],[70694.4,0.035],[70693.5,0.0],[70692.8,0.01],[70692.6,2.48],[70692.0,0.24],[70620.2,0.0]],"_doc":"6f19d192-cade-445b-ad02-f632c0c9b9b9"},{"receive_time":1712791376.49,"timestamp":"2024-04-11 00:22:56","asks":[[70712.1,0.015],[70715.0,0.057],[70715.6,0.028],[70740.9,0.039],[70743.0,0.071],[70744.6,0.038],[70744.9,0.01],[70745.1,0.0],[70745.9,0.029],[70789.6,0.288],[70804.4,0.0],[70804.5,0.0],[70804.7,0.0],[70805.1,0.0]],"bids":[[70700.7,1.381],[70700.4,0.523],[70700.1,0.097],[70696.6,0.17],[70694.6,0.0],[70694.4,2.529],[70693.5,0.01],[70693.2,1.583],[70693.1,0.049],[70692.5,4.103],[70692.2,0.02],[70692.0,0.25],[70691.4,0.0],[70690.8,0.0],[70690.3,0.013],[70690.0,1.744],[70689.4,1.753],[70683.2,0.0],[70682.5,2.053]],"_doc":"5f626519-e35d-4e7f-a48c-ae6d99c9097b"},{"receive_time":1712791376.391,"timestamp":"2024-04-11 00:22:56","asks":[[70710.0,0.327],[70715.0,0.0],[70715.6,0.0],[70720.8,0.0],[70732.4,0.0],[70732.5,0.002],[70744.9,0.0],[70745.1,0.01],[70745.8,0.0],[70745.9,0.039],[70804.4,0.221],[70804.5,0.003],[70804.7,4.168],[70805.1,1.622]],"bids":[[70709.9,17.819],[70699.9,1.127],[70696.5,0.02],[70694.8,0.001],[70693.8,0.0],[70693.3,0.143],[70693.2,0.224],[70693.1,4.152],[70692.1,0.356],[70691.4,1.743],[70684.1,0.0],[70683.2,2.053]],"_doc":"8d3e6a4c-74ba-4bde-941a-0c34704db0fe"},{"receive_time":1712791376.291,"timestamp":"2024-04-11 00:22:56","asks":[[70710.0,0.882],[70712.3,0.015],[70712.5,0.0],[70713.4,0.0],[70714.0,0.0],[70726.8,0.0],[70741.1,0.0],[70743.0,0.081],[70745.8,0.01],[70745.9,0.029],[70749.6,0.106],[70749.7,0.04],[70804.1,0.03],[70804.2,0.014],[70804.3,0.004]],"bids":[[70709.9,16.753],[70707.1,0.014],[70695.8,0.016],[70694.6,2.464],[70690.8,0.01],[70690.4,0.0],[70689.5,0.0],[70684.1,2.053],[70682.4,0.04],[70670.5,0.0],[70662.8,0.7],[70638.8,0.737],[70620.0,0.0]],"_doc":"eaf01c43-da17-4997-b433-f21101217589"},{"receive_time":1712791376.19,"timestamp":"2024-04-11 00:22:56","asks":[[70712.5,0.015],[70712.7,0.0],[70713.4,0.057],[70714.0,0.028],[70733.7,0.0],[70741.1,0.01],[70743.0,0.071],[70744.9,0.01],[70745.4,0.0],[70745.9,0.039],[70746.6,0.0],[70749.7,0.05],[70804.1,0.0]],"bids":[[70709.9,15.467],[70699.9,1.106],[70695.8,2.486],[70695.0,0.0],[70694.6,0.0],[70694.4,0.035],[70693.8,4.103],[70693.3,0.153],[70693.2,0.214],[70692.2,0.03],[70691.2,0.0],[70691.0,0.072],[70690.4,0.01],[70690.3,1.756],[70671.7,0.0],[70667.5,1.289],[70662.8,0.71],[70620.2,0.308],[70620.0,0.02]],"_doc":"93724a89-33ef-4140-9f97-4abc597605a4"},{"receive_time":1712791376.091,"timestamp":"2024-04-11 00:22:56","asks":[[70749.6,0.096]],"bids":[[70695.0,0.01],[70694.9,0.011],[70694.6,4.102],[70693.2,0.224],[70693.1,0.049],[70692.0,0.24],[70691.2,0.01],[70691.0,1.815],[70690.8,0.0],[70689.6,0.0],[70684.5,0.075],[70620.2,0.0]],"_doc":"ebe86960-ec94-4d2b-a1a9-e7f2abe114ee"},{"receive_time":1712791375.99,"timestamp":"2024-04-11 00:22:55","asks":[[70712.7,0.015],[70716.1,0.005],[70740.9,0.029],[70743.0,0.081],[70744.5,0.029],[70746.6,0.01],[70749.6,0.106],[70749.7,0.04],[70804.2,0.0],[70804.3,0.0]],"bids":[[70709.9,15.93],[70694.9,0.021],[70694.8,1.37],[70694.4,2.533],[70692.5,0.0],[70690.8,0.01],[70689.9,0.6],[70683.7,0.29],[70683.1,0.314],[70682.4,2.093],[70659.9,1.799]],"_doc":"d7062ef6-751e-4b55-8440-273cc50df19d"},{"receive_time":1712791375.891,"timestamp":"2024-04-11 00:22:55","asks":[[70716.1,1.265],[70727.8,0.172],[70740.9,0.039],[70743.0,0.071],[70744.5,0.039],[70745.1,0.0],[70745.4,0.01],[70746.6,0.0],[70766.3,6.291],[70804.3,0.004]],"bids":[[70709.9,15.936],[70700.7,1.093],[70700.6,0.0],[70700.4,0.533],[70694.2,0.286],[70693.5,0.0],[70693.1,4.152],[70692.9,0.0],[70692.8,0.0],[70692.5,0.01],[70692.1,2.099],[70692.0,0.25],[70691.4,0.0],[70691.1,0.014],[70689.9,0.61],[70689.6,1.743],[70625.1,1.134],[70620.6,0.172],[70620.4,0.7],[70620.2,0.308]],"_doc":"5f8ad13c-2f49-4bcf-a15c-6d1e7766bac7"},{"receive_time":1712791375.79,"timestamp":"2024-04-11 00:22:55","asks":[[70715.0,0.057],[70720.8,0.7],[70749.7,0.05],[70804.3,0.0],[70804.4,0.0]],"bids":[[70694.8,3.819],[70694.0,0.014],[70693.6,0.0],[70693.5,0.01],[70692.9,0.01],[70692.8,1.743],[70692.5,0.0],[70691.4,1.743],[70691.1,0.024],[70690.8,0.0],[70690.0,0.001],[70662.8,0.7],[70620.6,0.0]],"_doc":"5db76133-dcc5-475a-83cb-65f651e9d11e"},{"receive_time":1712791375.69,"timestamp":"2024-04-11 00:22:55","asks":[[70741.1,0.0],[70743.0,0.081],[70745.1,0.01],[70745.5,0.194],[70749.7,0.04]],"bids":[[70709.9,16.686],[70700.6,0.01],[70698.4,0.01],[70694.8,2.873],[70694.7,0.029],[70694.2,4.388],[70694.0,0.024],[70693.6,0.01],[70692.8,0.0],[70691.1,0.014],[70690.8,0.01],[70690.3,0.013],[70662.8,0.71],[70620.4,0.0],[70620.2,0.0]],"_doc":"5cffc2d9-e0bc-4ae2-be93-8f440b76a53d"},{"receive_time":1712791375.591,"timestamp":"2024-04-11 00:22:55","asks":[[70715.6,0.028],[70722.8,0.579],[70741.1,0.01],[70743.0,0.071],[70749.7,0.05],[70756.7,1.691],[70804.5,0.0],[70804.7,0.0],[70805.1,0.0]],"bids":[[70700.6,0.0],[70698.4,0.0],[70695.8,0.016],[70694.9,0.011],[70694.7,2.5],[70694.6,0.0],[70693.6,1.369],[70693.5,0.0],[70693.3,0.143],[70692.8,4.113],[70692.5,1.743],[70691.2,0.0],[70691.1,0.024],[70691.0,0.072],[70690.3,0.023],[70690.0,1.744],[70685.8,0.0],[70684.5,1.307],[70684.1,0.0],[70683.7,0.292],[70683.1,2.367],[70681.4,0.914],[70681.2,0.03],[70620.6,0.172],[70620.4,0.7],[70620.2,0.308]],"_doc":"4676fe66-50af-4af9-88bb-cd589944f6a8"},{"receive_time":1712791375.49,"timestamp":"2024-04-11 00:22:55","asks":[[70710.0,0.894],[70716.6,0.057],[70724.8,0.02],[70743.0,0.081],[70743.6,0.049],[70745.5,0.204],[70745.8,0.0],[70766.4,0.003],[70805.2,0.0]],"bids":[[70700.6,0.01],[70695.8,2.491],[70694.9,0.021],[70694.8,0.001],[70694.7,0.039],[70694.4,0.035],[70693.5,4.103],[70693.3,1.886],[70691.9,0.531],[70691.2,0.01],[70653.7,0.176],[70620.6,0.0],[70620.4,0.0],[70620.2,0.0]],"_doc":"acfe5381-13fa-49e7-88ce-441cb7ba7d91"},{"receive_time":1712791375.39,"timestamp":"2024-04-11 00:22:55","asks":[[70715.6,0.0],[70716.6,0.0],[70726.3,0.506],[70741.1,0.0],[70743.6,0.059],[70745.1,0.0],[70745.8,0.01],[70745.9,0.029],[70746.6,0.01],[70766.4,0.013],[70805.1,1.622],[70805.2,0.001]],"bids":[[70700.7,1.381],[70700.2,0.042],[70698.4,0.01],[70694.8,4.113],[70694.7,1.782],[70693.8,0.0],[70693.5,0.0],[70692.5,0.0],[70691.9,0.541],[70691.0,1.815],[70690.9,0.173],[70690.3,0.013],[70690.0,0.001],[70686.5,1.465],[70684.1,2.053],[70682.5,0.0],[70663.1,0.0],[70620.6,0.172],[70620.4,0.7],[70620.2,0.308]],"_doc":"124a9f62-5749-469a-b5ad-78784309eb5d"},{"receive_time":1712791375.291,"timestamp":"2024-04-11 00:22:55","asks":[[70710.0,0.897],[70715.6,0.028],[70722.7,0.0],[70722.8,0.291],[70726.3,0.794],[70732.4,0.002],[70741.1,0.01],[70743.0,0.071],[70745.9,0.039],[70746.0,0.165],[70750.6,0.0],[70767.1,0.0]],"bids":[[70709.9,17.946],[70701.2,0.0],[70700.2,0.052],[70699.1,0.021],[70694.7,0.029],[70693.8,0.01],[70690.9,0.183],[70690.8,0.0],[70690.3,0.023],[70690.0,1.744],[70662.8,0.7],[70643.4,0.0],[70620.8,1.666],[70620.7,0.143]],"_doc":"7c193559-edbc-466e-904f-7127718016f5"},{"receive_time":1712791375.191,"timestamp":"2024-04-11 00:22:55","asks":[[70710.0,0.887],[70732.3,0.0],[70745.1,0.01],[70745.2,0.172],[70767.1,0.01],[70781.8,0.02],[70781.9,0.049],[70782.0,0.0],[70782.1,0.022],[70805.1,0.0]],"bids":[[70709.9,18.074],[70701.2,0.01],[70699.9,1.12],[70699.1,0.031],[70694.7,0.039],[70694.6,1.369],[70693.6,0.0],[70691.1,0.014],[70690.9,0.193],[70662.8,0.71],[70647.6,0.012],[70647.5,2.281],[70647.4,2.851],[70647.3,0.02],[70620.8,0.0]],"_doc":"0ad4a708-a484-434f-9e5a-14d987cc3d8a"},{"receive_time":1712791375.09,"timestamp":"2024-04-11 00:22:55","asks":[[70720.8,0.0],[70745.1,0.0],[70745.2,0.182],[70745.9,0.029],[70746.0,0.175],[70767.1,0.0],[70804.5,0.003],[70804.7,4.168],[70805.1,1.622]],"bids":[[70709.9,16.797],[70699.2,0.0],[70694.8,0.001],[70694.6,1.379],[70691.2,0.0],[70691.1,0.024],[70621.2,4.215],[70620.8,1.666]],"_doc":"bf634397-c317-4192-b454-952f09a30354"},{"receive_time":1712791374.991,"timestamp":"2024-04-11 00:22:54","asks":[[70710.0,1.304],[70714.7,0.004],[70737.7,0.742],[70738.1,1.16],[70738.2,0.043],[70738.3,0.113],[70741.1,0.0],[70743.0,0.081],[70744.9,0.0],[70745.1,0.01],[70745.8,0.0],[70745.9,0.039],[70767.1,0.01],[70804.4,0.221]],"bids":[[70709.9,16.06],[70701.2,0.0],[70700.3,0.113],[70700.2,0.042],[70700.1,0.087],[70699.7,0.042],[70699.2,0.01],[70694.8,0.011],[70694.6,1.369],[70694.4,2.365],[70694.1,0.029],[70693.6,0.01],[70693.2,0.214],[70693.1,0.049],[70692.5,1.743],[70692.3,0.002],[70692.0,0.24],[70691.2,0.01],[70671.7,0.005],[70621.2,0.0],[70620.8,0.0],[70620.7,0.0],[70620.6,0.0],[70620.4,0.0],[70620.2,0.0],[70620.0,0.0]],"_doc":"feb3565d-1665-4508-a211-b312d3e06b49"},{"receive_time":1712791374.89,"timestamp":"2024-04-11 00:22:54","asks":[[70720.8,0.7],[70744.9,0.01],[70745.8,0.01],[70750.6,0.01],[70767.2,0.0],[70804.4,0.0],[70804.5,0.0]],"bids":[[70709.9,16.061],[70701.2,0.01],[70694.6,0.0],[70694.4,1.112],[70694.1,0.039],[70693.5,4.103],[70693.2,1.583],[70692.3,0.012],[70692.2,0.02],[70692.0,0.25],[70691.7,0.0],[70690.8,1.743],[70689.5,0.141],[70689.2,0.012],[70620.0,0.02]],"_doc":"2ed73941-2702-4618-8100-e05a84553a9b"},{"receive_time":1712791374.791,"timestamp":"2024-04-11 00:22:54","asks":[[70716.6,0.057],[70717.2,0.028],[70722.7,0.4],[70724.6,0.2],[70730.1,0.672],[70741.1,0.01],[70743.0,0.071],[70744.9,0.02],[70745.2,0.172],[70745.9,0.029],[70751.0,5.101],[70767.2,0.01],[70804.7,0.0],[70805.1,0.0],[70805.2,0.0],[70805.3,0.0],[70805.7,0.0],[70805.8,0.0]],"bids":[[70709.9,16.76],[70701.2,0.0],[70700.7,1.093],[70695.8,0.016],[70694.6,1.054],[70694.4,0.035],[70694.0,0.014],[70693.5,0.01],[70693.1,1.792],[70692.9,0.0],[70692.8,0.0],[70691.7,4.103],[70689.5,0.151],[70689.4,0.0],[70689.2,1.755],[70681.9,0.282],[70641.6,0.0],[70620.4,0.7],[70620.2,0.308]],"_doc":"3352a830-0e41-45c0-88d1-205d65e59d48"},{"receive_time":1712791374.69,"timestamp":"2024-04-11 00:22:54","asks":[[70710.0,1.297],[70723.4,0.0],[70724.6,0.057],[70750.6,0.0],[70751.0,5.111],[70805.7,4.332],[70805.8,0.04]],"bids":[[70701.2,0.01],[70700.0,0.141],[70698.6,0.628],[70698.3,0.588],[70694.4,0.045],[70694.0,1.757],[70693.2,0.214],[70692.9,0.01],[70692.5,0.0],[70692.3,0.002],[70690.8,0.01],[70689.5,0.141],[70689.4,1.743],[70641.6,0.01],[70620.4,0.0],[70620.2,0.0],[70620.0,0.0],[70619.7,0.0]],"_doc":"0292f2b6-d179-4792-83b4-9d835a3f7a00"},{"receive_time":1712791374.59,"timestamp":"2024-04-11 00:22:54","asks":[[70717.2,0.0],[70739.4,0.029],[70743.0,0.081],[70743.6,0.049],[70745.2,0.182],[70746.6,0.0],[70750.8,0.022],[70761.3,2.62],[70767.2,0.0],[70805.3,0.704]],"bids":[[70701.2,0.0],[70700.0,0.85],[70699.9,1.174],[70699.2,0.0],[70693.2,0.224],[70693.0,0.584],[70692.8,4.103],[70692.5,4.211],[70691.9,0.531],[70691.2,0.0],[70691.1,0.014],[70689.4,1.753],[70688.7,0.002],[70688.4,0.07],[70682.5,2.053],[70670.3,1.837],[70647.7,0.445],[70647.5,2.301],[70619.1,0.0]],"_doc":"04b9da18-ae71-4baf-afee-ef5b4e495b92"},{"receive_time":1712791374.49,"timestamp":"2024-04-11 00:22:54","asks":[[70710.0,1.304],[70716.6,0.0],[70741.1,0.0],[70743.6,0.059],[70744.9,0.0],[70745.8,0.0],[70745.9,0.039],[70746.6,0.01],[70767.2,0.01],[70782.0,0.02],[70782.2,1.542],[70805.2,0.001]],"bids":[[70709.9,18.02],[70701.2,0.01],[70700.4,0.241],[70699.8,0.041],[70696.5,0.041],[70692.3,0.012],[70692.0,0.24],[70691.9,0.541],[70691.2,4.103],[70691.1,1.757],[70690.8,0.0],[70690.0,0.001],[70689.2,0.012],[70688.7,0.012],[70688.4,1.813],[70687.7,0.0],[70687.4,0.0],[70659.2,0.169],[70651.7,0.0],[70649.2,0.168],[70641.7,0.0],[70631.4,0.744],[70625.1,1.144],[70619.1,0.029]],"_doc":"f7796165-60b0-403a-bf0e-3788a948c0e0"},{"receive_time":1712791374.391,"timestamp":"2024-04-11 00:22:54","asks":[[70736.6,0.093],[70767.0,0.05]],"bids":[[70701.0,0.0],[70699.2,0.01],[70690.8,0.01],[70690.4,0.0]],"_doc":"024bbc35-9804-4835-a7ac-485c7c208aa6"},{"receive_time":1712791374.291,"timestamp":"2024-04-11 00:22:54","asks":[[70710.0,1.312],[70740.9,0.029],[70741.1,0.01],[70745.8,0.01],[70746.8,0.0],[70750.6,0.01],[70767.0,0.06],[70805.2,0.0],[70805.3,0.0]],"bids":[[70709.9,16.76],[70701.0,0.01],[70699.5,0.0],[70699.1,0.021],[70692.0,0.25],[70690.4,0.01],[70690.3,0.013],[70687.7,0.01],[70687.6,0.071],[70680.9,0.0],[70647.7,0.465],[70647.5,2.281],[70619.1,0.0]],"_doc":"1d360abd-006a-4a10-9b01-6c79cab2c47e"},{"receive_time":1712791374.19,"timestamp":"2024-04-11 00:22:54","asks":[[70710.0,1.317],[70713.3,0.015],[70713.8,0.0],[70716.6,0.057],[70717.2,0.028],[70740.9,0.039],[70743.6,0.049],[70744.9,0.01],[70745.9,0.029],[70746.6,0.0],[70746.8,0.01],[70782.1,0.042],[70782.2,1.562],[70782.3,2.17],[70782.4,0.015],[70805.7,0.0],[70805.8,0.0],[70806.1,0.0]],"bids":[[70709.9,16.762],[70709.8,0.539],[70699.1,0.031],[70692.3,0.002],[70691.4,0.0],[70690.3,0.023],[70690.0,4.104],[70689.8,0.635],[70688.5,0.143],[70688.4,0.07],[70687.6,0.081],[70687.4,1.743],[70680.9,2.054],[70680.5,0.005],[70647.9,2.265],[70647.8,0.172],[70647.6,0.032],[70647.5,2.301],[70618.9,0.0]],"_doc":"524a7f70-bf91-4a91-9b8b-26411a9d3f42"},{"receive_time":1712791374.09,"timestamp":"2024-04-11 00:22:54","asks":[[70712.4,0.0],[70712.7,0.0],[70713.5,0.0],[70713.8,0.015],[70717.2,0.0],[70731.5,0.928],[70736.2,1.459],[70745.8,0.0],[70745.9,0.039],[70750.6,0.0],[70805.2,0.001],[70805.3,0.704],[70805.7,4.332],[70805.8,0.04],[70806.1,0.341]],"bids":[[70699.5,0.01],[70691.4,0.01],[70691.0,0.072],[70689.2,1.755],[70688.5,0.153],[70688.4,1.813],[70687.7,0.0],[70687.6,0.071],[70686.9,0.523],[70680.5,2.059],[70667.5,1.291],[70618.8,0.0]],"_doc":"e89d231a-aab8-4ef8-9704-d622edde5bad"},{"receive_time":1712791373.991,"timestamp":"2024-04-11 00:22:53","asks":[[70712.4,0.015],[70714.3,0.0],[70716.6,0.0],[70724.4,0.0],[70730.4,0.633],[70731.0,0.0],[70743.6,0.059],[70744.9,0.0],[70745.8,0.01],[70747.4,0.0],[70804.4,0.221],[70804.5,0.003],[70804.7,4.168],[70805.1,1.622]],"bids":[[70701.2,0.0],[70699.1,0.021],[70692.5,0.0],[70691.0,0.082],[70690.4,0.0],[70690.0,0.001],[70689.8,4.738],[70689.6,0.0],[70687.7,1.743],[70687.6,0.081],[70666.4,0.001],[70619.1,0.029],[70618.9,1.459],[70618.8,1.651]],"_doc":"f4923e81-996f-42cb-bd33-51290563af15"},{"receive_time":1712791373.89,"timestamp":"2024-04-11 00:22:53","asks":[[70710.0,1.306],[70712.7,0.015],[70743.6,0.049],[70744.9,0.01],[70745.9,0.029],[70747.4,0.01],[70767.3,0.172],[70804.4,0.0],[70804.5,0.0],[70804.7,0.0]],"bids":[[70709.9,18.022],[70701.2,0.01],[70699.1,0.031],[70692.5,0.01],[70691.4,0.0],[70690.3,0.013],[70690.0,0.011],[70689.6,1.743],[70689.5,0.0],[70688.2,0.0],[70671.7,0.0],[70666.4,2.055],[70619.7,0.445]],"_doc":"d330cc67-441f-409e-9491-42d96ddab8bc"},{"receive_time":1712791373.79,"timestamp":"2024-04-11 00:22:53","asks":[[70712.4,0.0],[70714.3,0.015],[70715.6,0.0],[70720.8,0.0],[70741.7,0.109],[70743.0,0.071],[70743.6,0.059],[70745.4,0.0],[70745.9,0.039],[70804.4,0.221],[70804.5,0.003],[70804.7,4.168]],"bids":[[70709.9,16.665],[70701.4,0.323],[70699.1,0.021],[70691.4,0.01],[70691.1,0.014],[70690.4,4.103],[70690.3,1.756],[70689.4,0.0],[70688.7,0.002],[70688.2,0.01],[70687.7,0.0],[70683.4,0.184],[70639.3,0.121],[70619.7,0.0],[70619.1,0.0]],"_doc":"1b7a7a32-3823-4ee6-ba2b-249bb8b5c504"},{"receive_time":1712791373.691,"timestamp":"2024-04-11 00:22:53","asks":[[70710.0,1.323],[70745.4,0.01],[70745.5,0.194],[70767.0,0.05],[70767.3,0.182],[70782.3,2.19],[70782.5,0.0],[70782.7,0.0],[70804.3,0.004]],"bids":[[70709.9,15.965],[70701.4,0.333],[70701.0,0.0],[70700.6,0.0],[70699.1,0.031],[70698.8,0.0],[70688.1,0.03],[70687.7,0.01],[70619.7,0.445],[70619.1,0.029]],"_doc":"d2a843cb-b872-4451-ab25-acc693d4f34f"},{"receive_time":1712791373.59,"timestamp":"2024-04-11 00:22:53","asks":[[70726.3,0.506],[70745.4,0.0],[70745.5,0.204],[70745.9,0.029],[70746.6,0.01],[70750.6,0.01],[70804.3,0.0]],"bids":[[70698.8,0.01],[70697.0,0.286],[70691.1,0.024],[70691.0,0.072],[70648.0,0.0],[70647.8,0.192]],"_doc":"f9f4a67a-c559-4b96-a547-9b0e30707a36"},{"receive_time":1712791373.49,"timestamp":"2024-04-11 00:22:53","asks":[[70722.8,0.579],[70741.7,0.04],[70743.0,0.081],[70745.8,0.0],[70745.9,0.039],[70750.6,0.0],[70764.9,3.778],[70804.3,0.004]],"bids":[[70691.0,0.082],[70690.8,0.0],[70689.5,2.47],[70688.1,0.04],[70687.7,0.0],[70636.4,10.196],[70624.4,0.0],[70620.2,0.308],[70620.0,0.02]],"_doc":"3a17230b-e740-4c0a-9543-a182f0927f11"},{"receive_time":1712791373.39,"timestamp":"2024-04-11 00:22:53","asks":[[70715.6,0.028],[70716.6,0.057],[70720.8,0.7],[70722.8,0.291],[70726.3,0.794],[70741.7,0.05],[70743.0,0.071],[70745.8,0.01],[70745.9,0.029],[70769.7,0.003],[70769.8,0.0],[70804.3,0.0],[70804.4,0.0],[70804.5,0.0],[70804.7,0.0]],"bids":[[70709.9,15.967],[70698.8,0.0],[70620.4,0.7]],"_doc":"7c8ceae8-949e-4c50-9820-44207c27cca1"},{"receive_time":1712791373.29,"timestamp":"2024-04-11 00:22:53","asks":[[70710.0,1.328],[70717.2,0.028],[70724.6,0.2],[70750.6,0.01],[70767.0,0.06],[70805.1,0.0],[70805.2,0.0]],"bids":[[70709.9,16.667],[70701.0,0.01],[70691.1,0.014],[70690.8,0.01],[70688.1,0.03],[70687.7,0.01],[70620.4,0.0],[70620.2,0.0],[70620.0,0.0]],"_doc":"f9d6e75e-9673-4363-983d-895efb17930f"},{"receive_time":1712791373.19,"timestamp":"2024-04-11 00:22:53","asks":[[70710.0,1.318],[70712.4,0.015],[70714.3,0.0],[70725.1,0.07],[70750.1,0.029],[70767.0,0.05],[70797.0,0.0]],"bids":[[70709.9,17.927],[70698.8,0.01],[70691.1,0.024],[70690.8,0.0],[70688.1,0.04],[70687.7,0.0],[70662.8,0.7],[70637.2,1.51],[70631.4,0.754],[70620.0,0.02]],"_doc":"9552d017-23b0-4f73-ae56-91741b28d11b"},{"receive_time":1712791373.091,"timestamp":"2024-04-11 00:22:53","asks":[[70726.2,0.057],[70742.0,0.0],[70743.2,0.028],[70750.1,0.039],[70750.6,0.0],[70751.2,0.058],[70767.0,0.06]],"bids":[[70709.9,16.936],[70699.1,0.021],[70688.0,0.735],[70687.7,0.01],[70662.8,0.71],[70620.0,0.0]],"_doc":"309a1f25-ce71-42da-a9a8-4576ec16ea9a"},{"receive_time":1712791372.99,"timestamp":"2024-04-11 00:22:52","asks":[[70722.8,0.003],[70726.3,0.576],[70745.9,0.039],[70746.0,0.165],[70750.6,0.01],[70805.3,0.0]],"bids":[[70699.2,0.0],[70699.1,0.031],[70697.0,0.288],[70691.0,0.072],[70690.8,0.01],[70688.7,1.745],[70688.5,0.143],[70688.0,0.745],[70687.7,0.0],[70620.0,0.02]],"_doc":"c7190d90-42ba-4dfb-b6e2-b841ecbec41f"},{"receive_time":1712791372.89,"timestamp":"2024-04-11 00:22:52","asks":[[70713.0,0.0],[70722.8,0.291],[70725.2,0.028],[70726.3,0.288],[70745.4,0.01],[70745.5,0.194],[70805.7,0.0]],"bids":[[70700.6,0.284],[70689.2,0.012],[70688.5,1.886]],"_doc":"baf9cb72-e741-4dac-9c60-51ef1f9c4e7f"},{"receive_time":1712791372.79,"timestamp":"2024-04-11 00:22:52","asks":[[70710.0,1.317],[70713.0,0.015],[70713.5,0.015],[70713.7,0.0],[70715.3,0.0],[70718.2,0.057],[70722.8,0.003],[70730.8,0.071],[70741.7,0.04],[70743.0,0.081],[70745.1,0.0],[70745.5,0.204],[70745.8,0.0],[70746.0,0.175],[70753.3,0.332],[70761.9,0.031],[70774.7,0.0],[70786.2,0.453]],"bids":[[70702.9,0.483],[70702.1,0.283],[70701.6,0.0],[70701.4,0.323],[70699.2,0.01],[70691.0,0.082],[70690.8,0.0],[70689.2,1.755],[70689.0,0.282],[70687.7,0.01],[70687.6,0.071],[70681.2,0.944],[70677.7,0.013],[70620.0,0.0]],"_doc":"2311f449-afe2-4e3c-bcd9-36e5bf978d6f"},{"receive_time":1712791372.691,"timestamp":"2024-04-11 00:22:52","asks":[[70722.8,0.291],[70723.4,0.4],[70723.5,0.7],[70730.4,0.774],[70733.8,0.645],[70740.9,0.029],[70741.7,0.05],[70744.9,0.0],[70745.1,0.01],[70752.2,0.0],[70805.8,0.0]],"bids":[[70709.9,18.196],[70707.5,0.071],[70701.6,0.01],[70699.5,0.0],[70689.4,4.103],[70687.7,0.0],[70687.6,0.081],[70671.7,0.006],[70667.7,0.87],[70666.1,0.0],[70648.0,0.02],[70647.8,0.172],[70636.2,0.188],[70619.7,0.0],[70619.1,0.0],[70618.9,0.0]],"_doc":"40387f3d-8260-4293-9877-afdf5ea4b04f"},{"receive_time":1712791372.59,"timestamp":"2024-04-11 00:22:52","asks":[[70713.7,0.015],[70714.0,0.0],[70716.0,0.001],[70718.0,0.001],[70720.0,0.053],[70722.0,0.029],[70724.0,0.001],[70726.8,0.028],[70727.8,0.057],[70739.9,0.675],[70740.9,0.039],[70741.7,0.04],[70742.0,0.028],[70743.6,0.049],[70744.9,0.01],[70745.1,0.0],[70745.6,0.447],[70753.3,0.342],[70782.3,2.17],[70782.5,0.02],[70806.1,0.0],[70806.2,0.0],[70806.9,0.0],[70807.0,0.0],[70807.2,0.0],[70807.3,0.0]],"bids":[[70700.8,0.0],[70699.5,0.01],[70690.0,0.001],[70689.4,6.671],[70689.3,0.172],[70689.0,2.025],[70688.1,0.03],[70687.7,0.01],[70671.7,0.0],[70666.1,2.054],[70641.6,0.0]],"_doc":"2bb8a8c3-743d-408f-8858-09da726af981"},{"receive_time":1712791372.49,"timestamp":"2024-04-11 00:22:52","asks":[[70714.0,0.015],[70736.2,1.505],[70740.9,0.029],[70741.4,0.312],[70741.7,0.05],[70744.0,0.361],[70745.1,0.01],[70745.4,0.0],[70745.8,0.01],[70746.0,0.165],[70749.9,0.221],[70751.0,5.101],[70807.6,0.0],[70807.7,0.0],[70807.9,0.0],[70808.3,0.0]],"bids":[[70709.9,18.633],[70700.8,0.01],[70700.6,0.002],[70699.1,0.021],[70692.3,0.012],[70692.2,1.389],[70689.4,2.568],[70688.1,0.04],[70687.7,0.0],[70641.6,0.01],[70618.8,0.0],[70618.4,0.0],[70618.1,0.0]],"_doc":"4a846275-6c27-49a8-9feb-8ccea86bcd93"},{"receive_time":1712791372.39,"timestamp":"2024-04-11 00:22:52","asks":[[70718.8,0.028],[70731.7,0.071],[70740.9,0.039],[70741.7,0.04],[70745.1,0.0],[70745.4,0.01],[70746.0,0.175],[70746.6,0.0],[70751.0,0.0]],"bids":[[70703.2,0.672],[70699.1,0.031],[70695.8,0.676],[70694.4,0.035],[70692.2,1.399],[70691.7,0.0],[70691.5,0.707],[70690.9,0.173],[70690.8,0.01],[70690.0,1.744],[70688.2,0.0],[70687.8,0.0],[70687.7,0.01],[70687.6,0.071],[70686.9,2.266],[70679.6,0.0],[70618.4,0.291],[70618.1,0.069]],"_doc":"9ed109c0-4f45-438e-9bf3-38aabea7d5ff"},{"receive_time":1712791372.29,"timestamp":"2024-04-11 00:22:52","asks":[[70714.3,0.015],[70716.3,0.0],[70717.0,0.05],[70718.2,0.0],[70718.8,0.0],[70729.5,0.071],[70733.2,0.071],[70735.4,0.003],[70738.7,0.295],[70740.5,0.01],[70741.7,0.05],[70745.1,0.01],[70747.0,0.052],[70748.0,0.0],[70751.0,0.01],[70754.8,0.0],[70781.9,0.029],[70785.3,0.029],[70786.7,0.0],[70787.6,6.443],[70808.6,0.0],[70808.7,0.0],[70808.8,0.0]],"bids":[[70709.3,0.0],[70708.3,0.23],[70702.6,0.006],[70695.2,0.0],[70695.1,0.029],[70694.4,1.11],[70693.1,0.049],[70692.2,0.03],[70692.0,0.24],[70691.7,1.743],[70691.4,0.0],[70690.9,0.183],[70690.8,0.0],[70689.3,4.275],[70689.0,0.282],[70688.5,0.143],[70688.2,0.01],[70687.8,0.003],[70687.6,1.814],[70681.8,0.7],[70679.6,2.054],[70638.8,0.951],[70618.4,0.0]],"_doc":"1e56bd62-9f75-4120-9213-21c9ee12fe43"},{"receive_time":1712791372.191,"timestamp":"2024-04-11 00:22:52","asks":[[70710.0,1.319],[70713.8,0.0],[70714.7,0.001],[70716.3,0.015],[70717.0,0.065],[70721.4,0.057],[70722.1,0.0],[70724.4,0.02],[70724.9,0.0],[70726.3,0.576],[70727.8,0.0],[70729.0,0.17],[70729.9,0.06],[70730.1,0.531],[70733.5,0.071],[70733.9,0.732],[70734.1,0.072],[70737.8,0.0],[70737.9,0.291],[70738.7,0.298],[70739.9,0.703],[70740.8,0.071],[70740.9,0.029],[70741.5,0.021],[70742.0,0.042],[70744.6,0.028],[70745.4,0.0],[70746.6,0.01],[70747.0,0.062],[70748.0,0.01],[70748.4,0.03],[70751.8,0.0],[70754.8,1.741],[70772.4,0.446],[70807.0,1.213],[70808.9,0.0],[70809.1,0.0]],"bids":[[70709.9,18.636],[70709.8,0.469],[70709.5,0.301],[70709.3,0.006],[70709.0,0.15],[70708.1,0.0],[70707.8,0.151],[70707.2,0.0],[70706.3,0.157],[70705.9,0.142],[70704.8,0.071],[70703.2,0.601],[70702.4,0.07],[70700.5,0.102],[70700.4,0.523],[70700.3,0.071],[70699.9,8.561],[70699.5,0.0],[70698.7,0.052],[70696.0,0.257],[70695.4,0.268],[70695.1,0.032],[70694.5,1.097],[70693.1,1.792],[70693.0,1.005],[70691.4,0.01],[70690.8,4.103],[70690.0,0.001],[70689.0,0.292],[70688.5,1.886],[70687.1,0.635],[70686.9,0.523],[70686.7,0.579],[70681.9,0.568],[70681.8,2.754],[70681.2,0.03],[70679.5,0.0],[70678.7,0.353],[70678.0,0.606],[70670.5,0.002],[70651.6,0.0],[70642.7,0.0],[70638.8,0.737],[70637.2,1.52],[70619.2,0.0],[70618.1,0.0]],"_doc":"f3de0052-774d-4fdf-a5ea-50028df8bb88"},{"receive_time":1712791372.091,"timestamp":"2024-04-11 00:22:52","asks":[[70710.3,0.0],[70714.7,0.016],[70715.3,0.015],[70729.9,0.131],[70730.3,1.742],[70730.5,0.0],[70736.3,0.091],[70736.6,0.048],[70736.7,1.289],[70736.9,0.576],[70737.0,0.05],[70739.7,0.095],[70740.9,0.039],[70741.8,2.48],[70742.0,0.045],[70742.9,0.095],[70743.2,0.0],[70744.2,0.0],[70744.6,0.038],[70745.4,0.01],[70748.4,0.04],[70751.0,0.0],[70752.0,0.005],[70753.4,1.44],[70753.7,0.0],[70781.9,0.0],[70782.0,0.0],[70782.3,2.19],[70782.4,0.035],[70801.1,1.747],[70808.3,0.635],[70808.6,1.466],[70808.7,0.004],[70808.8,0.005],[70808.9,0.989],[70809.1,0.002]],"bids":[[70709.9,17.198],[70709.8,0.47],[70707.8,0.157],[70700.4,0.241],[70699.9,8.571],[70699.1,0.021],[70698.7,0.335],[70698.6,0.342],[70695.6,0.316],[70695.4,0.271],[70694.8,0.001],[70694.0,0.014],[70693.7,0.218],[70693.2,0.214],[70692.9,0.0],[70692.2,0.02],[70692.0,1.609],[70691.9,0.531],[70690.0,4.114],[70688.9,0.635],[70688.4,0.07],[70687.1,0.645],[70686.9,2.266],[70686.3,0.013],[70685.5,0.0],[70685.4,0.0],[70679.5,2.054],[70666.8,0.0],[70651.6,33.47],[70647.9,2.285],[70647.8,0.192],[70647.4,2.831],[70647.3,0.0],[70618.1,0.069]],"_doc":"fe28ee23-673d-4119-a56a-e9c739931c0a"},{"receive_time":1712791371.99,"timestamp":"2024-04-11 00:22:51","asks":[[70713.4,0.0],[70739.7,0.105],[70740.9,0.029],[70743.2,0.01],[70743.3,0.291],[70748.3,1.358],[70750.6,0.0],[70751.0,0.01],[70752.2,0.009],[70753.7,3.792],[70762.0,0.0],[70768.0,0.0],[70781.7,0.72],[70781.8,0.0],[70781.9,0.02],[70782.0,0.02],[70786.7,0.117],[70788.4,0.0]],"bids":[[70699.1,0.031],[70689.4,0.0],[70688.9,0.645],[70688.8,0.009],[70685.9,0.073],[70685.5,0.01],[70674.0,1.572],[70665.0,0.071],[70647.4,2.851],[70647.2,0.717],[70625.3,0.002],[70618.1,0.0]],"_doc":"96bd6e7b-ea8c-4d4b-a94e-70183c3a136c"},{"receive_time":1712791371.89,"timestamp":"2024-04-11 00:22:51","asks":[[70710.0,1.348],[70713.4,0.015],[70715.6,0.0],[70716.6,0.0],[70717.2,0.0],[70722.3,0.0],[70723.5,0.0],[70724.6,0.143],[70731.6,0.0],[70732.3,0.002],[70734.2,0.949],[70739.7,0.095],[70740.9,0.039],[70743.6,0.021],[70744.2,0.01],[70748.0,0.0],[70748.3,1.368],[70750.6,0.01],[70751.5,0.002],[70752.0,1.746],[70752.2,1.75],[70752.5,0.002],[70759.2,0.037],[70761.6,0.897],[70768.0,2.051],[70782.3,2.17],[70783.7,0.0],[70784.5,0.029],[70788.4,0.155],[70808.3,0.0],[70808.6,0.0]],"bids":[[70709.9,17.149],[70698.4,0.0],[70696.7,0.0],[70690.0,0.001],[70687.2,0.508],[70686.3,1.756],[70685.9,0.083],[70685.8,0.418],[70682.2,2.89],[70618.4,0.291],[70618.1,0.069]],"_doc":"b42cb90b-4912-49d9-980e-5421925786c1"},{"receive_time":1712791371.79,"timestamp":"2024-04-11 00:22:51","asks":[[70711.1,0.0],[70711.3,0.0],[70712.7,0.0],[70713.4,0.0],[70713.8,0.015],[70714.0,0.0],[70715.0,0.0],[70720.8,0.0],[70722.8,0.003],[70724.8,0.0],[70726.3,0.794],[70742.3,0.502],[70742.8,0.0],[70743.3,0.301],[70743.6,0.031],[70748.8,0.029],[70750.5,0.0],[70751.2,0.029],[70751.5,1.743],[70751.8,0.029],[70751.9,0.215],[70752.2,0.0],[70755.4,1.795],[70783.7,0.058],[70787.9,0.143],[70806.9,0.001],[70807.0,1.201],[70807.2,0.001],[70807.3,0.029],[70807.6,0.014],[70807.7,1.289],[70807.9,0.221],[70808.3,0.635],[70808.6,1.466]],"bids":[[70709.9,16.783],[70708.7,0.212],[70708.3,0.783],[70707.8,0.151],[70707.2,0.07],[70700.7,1.381],[70698.4,0.01],[70696.7,0.01],[70696.6,0.028],[70690.0,1.38],[70689.4,0.01],[70689.3,0.172],[70689.2,0.012],[70688.7,0.002],[70687.2,2.251],[70686.1,0.0],[70685.8,0.428],[70685.4,1.743],[70684.9,0.07],[70684.6,0.0],[70684.5,0.075],[70647.4,2.831],[70647.2,0.737],[70618.4,0.0],[70618.1,0.0],[70618.0,0.0]],"_doc":"280a07ca-1927-4f86-a5e6-dda0695c4cdf"},{"receive_time":1712791371.69,"timestamp":"2024-04-11 00:22:51","asks":[[70711.1,0.015],[70712.2,0.0],[70722.3,0.021],[70742.3,0.512],[70742.8,0.01],[70743.0,0.071],[70743.6,0.021],[70746.2,0.01],[70750.5,0.01],[70752.2,0.009],[70754.8,0.0],[70758.2,0.011],[70773.5,11.699],[70806.9,0.0],[70807.0,0.0],[70807.2,0.0],[70807.3,0.0],[70807.6,0.0]],"bids":[[70709.9,10.673],[70708.1,1.351],[70698.4,0.0],[70698.1,0.172],[70696.6,0.038],[70687.6,0.071],[70685.0,0.0],[70684.9,0.08],[70647.4,2.851],[70647.2,0.717],[70618.1,0.069],[70618.0,5.338]],"_doc":"c92d308a-311f-4e9a-8040-4609d8a3c5dd"},{"receive_time":1712791371.591,"timestamp":"2024-04-11 00:22:51","asks":[[70710.0,1.336],[70711.3,0.015],[70711.8,0.0],[70712.2,0.015],[70712.4,0.0],[70720.8,0.7],[70722.8,0.797],[70726.4,0.0],[70727.8,0.071],[70731.8,0.424],[70741.7,0.04],[70742.6,0.0],[70742.9,0.124],[70743.0,0.081],[70743.6,0.031],[70751.0,0.0],[70751.8,1.77],[70751.9,2.266],[70752.2,0.0],[70753.4,0.433],[70755.7,0.0],[70781.7,0.74],[70781.9,0.0],[70806.2,0.001],[70806.9,0.001],[70807.0,1.201],[70807.2,0.001],[70807.3,0.029],[70807.6,0.014]],"bids":[[70709.9,11.933],[70706.9,0.002],[70704.7,0.028],[70699.3,0.172],[70689.3,0.182],[70689.2,1.381],[70688.4,4.173],[70687.3,0.156],[70685.5,0.0],[70685.4,0.0],[70685.3,0.635],[70685.0,0.01],[70684.6,1.743],[70684.5,1.818],[70671.7,0.004],[70647.3,0.02],[70647.2,0.737],[70646.2,1.289],[70646.1,0.172],[70618.1,0.0],[70618.0,0.0],[70617.8,0.0],[70617.7,0.0],[70617.4,0.0]],"_doc":"d412faee-7e89-4ae9-863a-7295e7e793b7"},{"receive_time":1712791371.49,"timestamp":"2024-04-11 00:22:51","asks":[[70710.0,1.358],[70710.6,0.0],[70711.3,0.0],[70712.7,0.015],[70737.8,0.021],[70741.7,0.05],[70742.2,0.0],[70742.6,0.01],[70742.9,0.057],[70745.9,0.029],[70748.0,0.01],[70748.3,1.358],[70748.8,1.77],[70750.6,0.0],[70750.9,1.289],[70752.2,2.051],[70754.8,23.414],[70758.0,1.318],[70761.0,0.041],[70774.9,0.022],[70780.5,0.029],[70780.6,0.07],[70781.8,0.02],[70781.9,0.02],[70795.3,0.034],[70796.4,0.033],[70806.2,0.0],[70806.9,0.0],[70807.0,0.0],[70807.2,0.0],[70807.3,0.0]],"bids":[[70708.3,0.23],[70698.8,0.0],[70698.4,0.01],[70697.0,0.286],[70692.1,0.356],[70687.6,2.627],[70685.5,0.01],[70685.3,2.378],[70685.0,0.0],[70683.8,0.0],[70655.4,0.613],[70646.2,1.309],[70646.0,0.0],[70617.4,0.005]],"_doc":"f185a7d5-92c8-4342-8119-5ba487fa85cd"},{"receive_time":1712791371.391,"timestamp":"2024-04-11 00:22:51","asks":[[70710.0,1.373],[70711.8,0.057],[70712.4,0.028],[70724.6,0.0],[70725.2,0.0],[70726.4,0.002],[70727.8,0.243],[70737.9,0.312],[70739.9,0.632],[70740.9,0.029],[70741.7,0.04],[70742.0,0.042],[70742.2,0.01],[70742.6,0.0],[70742.8,0.0],[70742.9,0.067],[70743.8,1.289],[70744.1,0.029],[70745.6,0.433],[70752.0,0.005],[70752.2,2.06],[70755.7,39.018],[70755.9,0.433],[70759.6,0.029],[70807.6,0.0],[70807.7,0.0],[70807.9,0.0],[70808.3,0.0]],"bids":[[70709.9,10.55],[70708.3,0.791],[70707.1,0.0],[70706.6,0.682],[70706.5,0.283],[70706.4,1.13],[70702.5,0.529],[70701.7,0.283],[70701.0,0.0],[70700.4,0.247],[70699.1,0.021],[70689.2,1.391],[70688.7,0.012],[70688.6,0.818],[70688.4,0.07],[70617.4,0.0]],"_doc":"545bc565-0543-4b9f-ae06-0c8ea864dd3d"},{"receive_time":1712791371.29,"timestamp":"2024-04-11 00:22:51","asks":[[70710.0,1.36],[70711.6,0.0],[70741.3,0.058],[70742.3,0.502],[70742.6,0.01],[70744.5,0.029],[70745.9,0.0],[70751.9,0.215],[70752.0,2.056],[70803.1,0.003]],"bids":[[70709.9,15.129],[70699.7,0.0],[70696.5,0.047],[70688.4,0.08],[70688.2,0.0],[70684.2,0.0],[70678.3,0.0],[70618.0,5.338],[70617.8,1.734],[70617.7,0.922],[70617.4,0.005]],"_doc":"244fd9ef-0608-4e4d-9092-f2c9faddc01f"},{"receive_time":1712791371.19,"timestamp":"2024-04-11 00:22:51","asks":[[70710.0,1.345],[70710.6,0.015],[70711.3,0.015],[70734.2,0.994],[70742.2,0.0],[70742.3,0.512],[70747.5,0.011],[70751.2,1.024],[70751.9,2.266],[70752.2,0.0]],"bids":[[70709.9,16.389],[70707.1,0.002],[70707.0,0.057],[70697.0,0.296],[70696.9,0.461],[70688.2,0.01],[70688.1,0.03],[70650.8,0.0],[70618.0,0.0]],"_doc":"8a33590a-8be0-4c03-87b1-73cf8c127ba9"},{"receive_time":1712791371.091,"timestamp":"2024-04-11 00:22:51","asks":[[70713.4,0.057],[70722.0,0.028],[70723.0,0.057],[70742.6,0.0],[70742.8,0.01],[70750.6,1.741],[70750.9,1.299],[70751.0,1.741],[70752.2,0.009],[70773.0,0.044],[70774.4,0.03],[70804.2,0.014],[70808.6,0.0],[70808.7,0.0],[70808.8,0.0],[70808.9,0.0],[70809.1,0.0]],"bids":[[70694.4,0.035],[70694.1,0.029],[70688.1,0.04],[70688.0,0.735],[70685.0,0.01],[70684.9,0.07],[70682.3,0.221],[70678.5,0.093],[70678.0,0.588],[70673.9,0.169],[70663.8,0.0],[70641.6,0.0]],"_doc":"adb7cf07-56ef-4337-a797-28af9f98bb2c"},{"receive_time":1712791370.991,"timestamp":"2024-04-11 00:22:50","asks":[[70710.0,1.36],[70722.2,0.0],[70734.1,0.001],[70741.6,0.141],[70742.2,0.01],[70744.5,0.057],[70747.5,0.002],[70748.3,1.368],[70749.6,0.096],[70751.0,1.751],[70752.2,1.75],[70757.4,0.059],[70758.4,0.758],[70773.2,0.029],[70804.2,0.0]],"bids":[[70709.9,16.391],[70701.8,0.029],[70700.5,0.173],[70697.1,0.324],[70695.7,0.545],[70694.7,0.029],[70688.0,0.745],[70687.6,0.071],[70684.9,0.08],[70684.6,0.0],[70681.1,0.1],[70673.4,2.623],[70650.8,32.986],[70650.1,0.744],[70641.6,0.01],[70618.8,1.651],[70617.8,0.0],[70617.7,0.0],[70617.4,0.0]],"_doc":"d01d3dcf-ee33-4ed5-9ac4-c594b0e7475e"},{"receive_time":1712791370.891,"timestamp":"2024-04-11 00:22:50","asks":[[70710.0,1.35],[70710.4,0.0],[70726.5,0.0],[70741.3,0.03],[70741.6,0.151],[70742.2,0.0],[70742.6,0.01],[70749.0,0.0],[70749.6,1.837],[70750.6,0.0],[70751.2,3.075],[70752.2,1.741],[70755.7,0.0],[70766.3,6.281],[70800.0,2.132],[70808.6,1.466],[70808.7,0.004],[70808.8,0.005],[70808.9,0.989],[70809.1,0.002]],"bids":[[70707.0,0.059],[70691.3,0.181],[70676.7,0.291],[70672.7,0.0],[70662.5,0.029],[70657.1,0.017],[70650.1,33.73],[70650.0,0.031],[70647.1,0.0],[70642.7,0.01],[70641.6,0.0],[70617.4,0.005]],"_doc":"ce083a52-9758-4278-a2ff-2a69dbb7c70b"},{"receive_time":1712791370.791,"timestamp":"2024-04-11 00:22:50","asks":[[70710.4,0.015],[70712.3,0.0],[70714.0,0.028],[70715.0,0.057],[70720.8,1.1],[70723.6,0.028],[70740.8,0.0],[70741.3,0.04],[70741.5,0.0],[70742.2,0.01],[70748.3,1.358],[70755.4,1.866],[70755.9,39.451],[70756.1,0.027],[70808.6,0.0],[70808.7,0.0]],"bids":[[70707.6,0.028],[70687.3,4.259],[70686.4,0.871],[70685.9,0.073],[70684.6,0.01],[70684.5,0.075],[70680.4,0.111],[70679.9,0.111],[70676.1,0.0],[70672.2,0.231],[70671.7,0.0],[70650.0,32.793],[70649.1,1.361]],"_doc":"0d45da9d-73be-4f19-b0b3-69c07d10c5a4"},{"receive_time":1712791370.69,"timestamp":"2024-04-11 00:22:50","asks":[[70710.0,1.345],[70711.6,0.015],[70722.1,0.068],[70724.6,0.057],[70726.5,0.002],[70735.1,0.029],[70735.3,0.029],[70740.6,0.07],[70740.8,0.01],[70741.3,0.03],[70741.5,0.01],[70742.0,0.028],[70743.6,0.021],[70745.6,0.447],[70745.8,0.0],[70747.0,0.052],[70747.3,0.0],[70752.5,0.0],[70756.1,39.733],[70756.4,0.0],[70759.2,0.008],[70762.9,0.0],[70772.6,0.154],[70808.8,0.0],[70808.9,0.0],[70809.1,0.0],[70809.2,0.0],[70809.5,0.0],[70809.6,0.0]],"bids":[[70707.0,0.057],[70703.5,0.01],[70703.1,0.293],[70702.8,1.622],[70702.7,0.293],[70702.5,0.672],[70702.2,0.086],[70701.0,0.143],[70700.6,0.0],[70700.4,0.077],[70700.0,0.141],[70699.1,0.193],[70698.3,0.028],[70697.3,0.028],[70696.9,0.318],[70696.8,0.028],[70696.6,0.028],[70696.3,0.028],[70696.1,0.0],[70695.6,0.387],[70694.5,0.886],[70687.6,0.01],[70687.0,0.04],[70684.5,0.085],[70684.1,0.0],[70680.6,0.034],[70675.4,0.0],[70671.5,0.0],[70661.2,0.0],[70649.1,34.123],[70617.4,0.0]],"_doc":"9252b443-c26b-4e98-bb7f-4eec6c2d445c"},{"receive_time":1712791370.59,"timestamp":"2024-04-11 00:22:50","asks":[[70733.9,0.661],[70735.8,0.071],[70740.3,0.0],[70740.6,0.08],[70740.8,0.0],[70741.3,0.04],[70749.2,0.0],[70750.6,2.052],[70753.4,0.933],[70753.9,0.097],[70756.4,39.706],[70767.7,0.0],[70772.3,0.029]],"bids":[[70707.3,0.378],[70701.5,0.057],[70695.1,0.029],[70687.6,0.0],[70687.0,0.05],[70685.4,1.743],[70685.2,0.073],[70684.3,0.022],[70684.1,0.01],[70684.0,0.742],[70678.8,0.0],[70678.7,0.071],[70675.8,0.444],[70674.0,0.016],[70671.0,0.071],[70670.7,0.022],[70662.8,0.7],[70617.2,0.0],[70617.1,0.0],[70616.3,0.0],[70616.2,0.0],[70616.1,0.0]],"_doc":"1e1fd5f1-10b9-43c5-ad60-bbeca8676855"},{"receive_time":1712791370.49,"timestamp":"2024-04-11 00:22:50","asks":[[70710.0,1.33],[70712.3,0.015],[70713.0,0.0],[70714.9,0.0],[70715.6,0.028],[70722.8,0.579],[70737.2,0.071],[70740.3,0.01],[70740.6,0.07],[70740.8,0.01],[70741.6,0.141],[70742.2,0.0],[70743.9,0.0],[70744.9,0.0],[70748.3,1.368],[70749.0,1.741],[70749.2,2.052],[70750.6,0.0],[70751.0,0.01],[70752.2,1.75],[70753.7,0.0],[70753.9,4.196],[70757.1,0.071],[70784.7,0.04],[70809.7,0.0],[70809.8,0.0],[70809.9,0.0],[70810.0,0.0]],"bids":[[70709.9,17.091],[70708.0,0.07],[70702.8,1.643],[70702.6,0.0],[70702.5,0.643],[70701.4,0.04],[70700.7,1.093],[70698.2,0.07],[70697.0,0.01],[70695.5,0.286],[70694.3,0.286],[70693.3,0.143],[70687.6,2.468],[70687.4,0.0],[70687.1,0.635],[70686.6,0.0],[70685.9,4.176],[70685.4,1.753],[70684.6,0.0],[70684.0,0.752],[70676.8,0.0],[70674.1,0.0],[70670.2,0.291],[70664.1,0.882],[70662.8,0.71],[70659.9,1.797],[70652.3,0.029],[70646.4,0.0],[70615.9,0.0],[70615.4,0.0]],"_doc":"5c4903e1-ca4d-46e7-b1eb-1d355b1d3c29"},{"receive_time":1712791370.39,"timestamp":"2024-04-11 00:22:50","asks":[[70713.0,0.015],[70713.3,0.0],[70716.6,0.057],[70725.2,0.028],[70726.3,0.506],[70734.1,0.046],[70741.5,0.0],[70741.6,0.081],[70748.0,0.0],[70749.3,0.0],[70750.6,3.793],[70753.3,0.332],[70753.7,1.741],[70756.0,0.0],[70758.5,0.169],[70807.8,0.0],[70809.9,0.7],[70810.0,0.081]],"bids":[[70703.2,0.531],[70696.5,0.026],[70687.1,0.645],[70686.9,0.523],[70686.6,4.103],[70684.6,0.01],[70684.5,0.075],[70684.0,0.742],[70677.5,0.071],[70673.7,0.313],[70669.8,0.524],[70646.4,32.762],[70615.3,0.0],[70615.2,0.0],[70615.0,0.0],[70614.9,0.0]],"_doc":"2d5beb37-2404-413e-8bf6-9c6200f9b6c0"},{"receive_time":1712791370.291,"timestamp":"2024-04-11 00:22:50","asks":[[70713.3,0.015],[70713.7,0.0],[70722.8,0.291],[70740.0,0.107],[70740.9,0.05],[70741.5,0.01],[70742.2,0.01],[70742.6,0.0],[70743.0,0.071],[70743.2,0.0],[70744.1,0.0],[70748.0,0.01],[70749.3,1.741],[70750.6,2.052],[70752.1,0.457],[70752.2,0.009],[70753.3,2.073],[70754.8,0.0],[70755.7,0.022],[70769.8,0.003],[70780.4,0.0],[70780.6,0.09],[70809.9,0.0]],"bids":[[70709.9,17.061],[70707.9,0.028],[70706.5,1.397],[70706.4,1.83],[70705.9,0.0],[70701.9,0.002],[70701.8,0.0],[70698.8,0.01],[70698.7,0.332],[70698.6,0.056],[70696.5,0.036],[70694.2,0.286],[70688.7,0.002],[70688.1,0.03],[70687.6,0.0],[70687.4,1.743],[70686.9,0.533],[70685.4,0.0],[70684.5,0.085],[70683.8,1.743],[70677.5,0.0],[70676.8,2.054],[70672.8,0.0],[70668.9,0.0],[70658.6,0.0],[70614.9,0.515]],"_doc":"7ba7d9c2-0e74-4361-96d9-34b042a1553c"},{"receive_time":1712791370.19,"timestamp":"2024-04-11 00:22:50","asks":[[70713.7,0.015],[70715.5,0.0],[70716.6,0.0],[70726.3,0.794],[70734.2,0.878],[70737.0,0.123],[70739.7,0.105],[70740.9,0.022],[70742.6,0.01],[70743.0,0.081],[70744.0,0.0],[70744.7,0.029],[70747.3,0.071],[70748.3,1.358],[70748.5,0.029],[70748.8,0.029],[70748.9,0.029],[70751.1,0.029],[70751.5,0.002],[70752.1,2.508],[70752.2,1.75],[70753.9,0.097],[70754.8,1.741],[70758.3,0.149],[70758.7,0.7],[70762.5,1.359],[70767.7,0.071],[70770.8,0.029],[70810.0,0.0],[70810.3,0.0],[70810.4,0.0],[70810.7,0.0],[70810.9,0.0],[70811.0,0.0],[70811.1,0.0]],"bids":[[70709.9,16.861],[70701.1,0.086],[70700.9,0.04],[70690.8,0.0],[70690.6,0.0],[70688.7,0.012],[70688.6,0.418],[70687.6,1.743],[70686.3,0.013],[70685.4,1.753],[70684.5,0.053],[70682.8,0.071],[70677.5,2.054],[70677.3,0.0],[70677.1,0.0],[70676.3,0.071],[70674.0,0.302],[70672.2,0.16],[70668.6,0.071],[70649.6,0.029],[70646.1,0.192],[70646.0,0.02],[70644.1,0.4],[70644.0,0.605],[70614.9,0.0],[70614.8,0.0],[70614.5,0.0],[70614.3,0.0],[70613.9,0.0]],"_doc":"60db51b2-78fd-4d2d-8fa5-bd8b1d247c59"},{"receive_time":1712791370.091,"timestamp":"2024-04-11 00:22:50","asks":[[70710.0,1.31],[70713.9,0.0],[70715.5,0.015],[70715.7,0.0],[70716.6,0.057],[70717.2,0.028],[70722.8,0.003],[70725.5,0.0],[70727.2,0.983],[70727.8,0.071],[70727.9,0.283],[70728.8,0.999],[70729.0,0.241],[70730.3,1.813],[70731.3,0.568],[70736.6,0.051],[70736.9,0.647],[70737.0,0.05],[70737.3,0.01],[70739.7,0.095],[70739.8,1.487],[70740.4,0.842],[70740.9,0.032],[70741.3,0.03],[70742.2,0.0],[70742.9,0.057],[70743.5,0.027],[70744.0,0.01],[70745.9,0.071],[70748.4,0.03],[70749.5,0.0],[70750.8,0.0],[70751.1,2.081],[70751.5,1.743],[70752.7,0.022],[70753.2,0.022],[70753.3,0.332],[70753.9,1.838],[70754.9,0.029],[70756.0,4.099],[70756.5,0.454],[70766.3,6.352],[70778.4,0.003],[70778.5,0.0],[70780.4,0.02],[70780.5,0.049],[70801.7,0.013],[70804.5,0.003],[70811.2,0.0],[70811.3,0.0],[70811.4,0.0],[70811.7,0.0],[70812.6,0.0],[70812.7,0.0]],"bids":[[70709.9,16.787],[70708.1,0.091],[70703.6,0.293],[70703.4,0.0],[70702.8,1.793],[70701.4,0.11],[70701.1,0.046],[70700.3,1.274],[70699.5,0.283],[70698.7,0.304],[70696.5,0.026],[70696.4,0.0],[70695.8,0.016],[70695.7,0.402],[70695.1,0.0],[70694.3,0.0],[70694.0,0.085],[70693.0,1.075],[70692.1,0.213],[70690.8,1.369],[70690.6,0.01],[70689.9,0.6],[70689.8,0.635],[70688.6,2.171],[70688.5,0.143],[70688.1,4.133],[70687.0,0.04],[70686.3,1.756],[70685.4,0.0],[70684.1,0.0],[70671.5,0.071],[70667.6,0.0],[70657.3,0.0],[70652.8,0.291],[70627.6,0.504],[70614.5,0.991],[70614.3,0.042],[70613.9,0.536]],"_doc":"59dd1f2e-f794-4082-8c8f-e7325c8311cf"},{"receive_time":1712791369.991,"timestamp":"2024-04-11 00:22:49","asks":[[70712.2,0.0],[70713.1,0.0],[70713.9,0.015],[70714.9,0.015],[70715.7,0.015],[70716.6,0.0],[70717.2,0.0],[70722.2,0.021],[70722.8,0.291],[70733.0,0.5],[70739.5,0.071],[70741.3,0.04],[70742.2,0.01],[70744.4,0.598],[70745.4,0.0],[70745.5,0.194],[70749.5,1.741],[70750.6,0.0],[70750.8,2.052],[70751.6,0.503],[70753.3,2.073],[70754.8,0.0],[70754.9,4.128],[70755.7,0.025],[70756.5,0.481],[70756.6,0.0],[70765.0,0.214],[70766.3,6.281],[70770.7,1.692],[70773.7,0.0],[70779.3,1.606],[70780.0,0.184],[70781.4,1.096],[70785.9,0.444],[70804.5,39.709],[70812.7,0.989]],"bids":[[70706.3,0.228],[70702.8,1.943],[70698.7,0.021],[70696.7,0.0],[70695.7,0.685],[70694.1,0.0],[70690.5,1.605],[70689.9,0.61],[70688.6,0.418],[70688.5,0.153],[70687.6,0.0],[70687.0,5.886],[70685.4,0.01],[70685.2,0.002],[70683.9,0.016],[70683.1,0.314],[70681.6,6.796],[70680.2,0.368],[70677.1,2.054],[70675.9,0.0],[70675.4,0.071],[70675.1,0.67],[70673.0,1.045],[70670.4,0.0],[70670.0,3.138],[70667.4,0.071],[70663.5,0.04],[70662.8,0.7],[70658.5,1.91],[70616.2,0.001],[70614.5,0.0],[70614.3,0.0]],"_doc":"ef1e27ce-c439-4e4c-ba49-ea1766dea428"},{"receive_time":1712791369.891,"timestamp":"2024-04-11 00:22:49","asks":[[70712.2,0.015],[70713.1,0.015],[70730.0,0.0],[70733.0,0.544],[70738.3,0.071],[70738.6,0.0],[70739.0,0.222],[70739.5,0.0],[70739.7,0.105],[70745.5,0.204],[70747.8,0.0],[70749.0,0.0],[70749.5,0.0],[70750.6,2.052],[70750.8,0.0],[70751.6,2.244],[70755.7,4.124],[70756.6,39.706],[70759.9,0.074],[70776.9,0.03],[70777.0,0.05],[70778.4,0.023],[70778.5,0.02],[70780.1,0.016]],"bids":[[70709.9,16.956],[70706.6,0.0],[70706.5,1.757],[70706.3,0.128],[70702.8,1.643],[70700.4,0.105],[70699.9,8.61],[70695.1,0.17],[70694.2,0.0],[70694.1,0.01],[70691.9,0.534],[70691.8,1.272],[70690.9,0.173],[70689.9,0.6],[70688.1,0.03],[70687.9,0.286],[70687.6,4.103],[70686.8,0.418],[70685.4,0.0],[70685.1,0.143],[70684.1,1.743],[70683.8,0.0],[70683.2,0.0],[70683.0,0.023],[70679.9,0.04],[70676.8,0.0],[70675.4,2.125],[70674.7,0.0],[70673.9,0.24],[70670.2,0.362],[70666.3,0.0],[70662.8,0.71],[70659.1,0.026],[70656.0,0.0],[70644.1,0.42],[70644.0,0.625],[70642.5,0.172],[70642.4,0.0],[70615.3,1.459],[70615.2,1.188],[70615.0,1.248],[70614.9,0.515],[70614.8,7.081],[70614.5,0.991],[70614.3,0.042]],"_doc":"8497614d-b04e-492a-9d09-b6f183a057ae"},{"receive_time":1712791369.791,"timestamp":"2024-04-11 00:22:49","asks":[[70722.8,0.579],[70728.7,0.0],[70730.0,0.01],[70734.4,0.34],[70737.1,0.077],[70738.7,0.295],[70738.8,0.04],[70739.5,0.01],[70740.4,0.772],[70745.4,0.004],[70745.9,0.0],[70746.6,0.0],[70747.8,3.793],[70748.3,1.329],[70748.6,0.0],[70749.0,1.741],[70749.5,0.01],[70749.7,0.04],[70750.8,4.099],[70755.7,0.025],[70756.5,0.454],[70758.0,1.289],[70761.2,0.093],[70762.4,0.111],[70762.5,1.329],[70766.7,0.448],[70773.7,0.306],[70776.9,0.05],[70777.0,0.07],[70777.2,0.0],[70777.3,0.319],[70779.3,1.305],[70782.2,1.542],[70811.2,0.039],[70812.7,0.0],[70813.0,0.0],[70813.2,0.0]],"bids":[[70709.9,16.933],[70706.6,1.095],[70706.4,1.81],[70706.0,0.031],[70705.9,0.2],[70705.8,0.283],[70704.9,0.0],[70704.4,0.283],[70704.3,0.283],[70703.2,0.672],[70702.8,1.467],[70702.5,1.387],[70701.3,0.03],[70699.9,8.611],[70697.1,0.038],[70695.7,0.313],[70694.8,0.072],[70693.5,0.0],[70692.6,0.0],[70688.1,1.399],[70687.6,0.01],[70686.8,4.521],[70685.4,0.01],[70685.0,0.0],[70684.9,0.07],[70684.6,0.0],[70684.3,0.0],[70683.8,1.743],[70683.6,0.046],[70683.2,1.743],[70683.0,0.033],[70682.2,2.911],[70681.9,0.286],[70680.5,0.005],[70680.4,0.254],[70680.1,1.413],[70676.8,0.005],[70676.0,0.07],[70674.7,2.054],[70674.5,0.019],[70674.4,0.4],[70673.9,0.256],[70668.4,0.16],[70666.2,0.071],[70664.3,0.033],[70658.1,0.243],[70646.8,0.37],[70642.5,0.192],[70642.4,0.02],[70642.3,0.67],[70641.8,0.0],[70641.7,0.168],[70621.5,0.002],[70618.2,0.0],[70615.3,0.0],[70615.2,0.0],[70615.0,0.0],[70614.9,0.0],[70614.8,0.0],[70614.5,0.0],[70614.3,0.0],[70613.9,0.0],[70613.5,0.0]],"_doc":"c88471fc-800c-42d9-a08a-73d69cfc5b49"},{"receive_time":1712791369.692,"timestamp":"2024-04-11 00:22:49","asks":[[70710.0,1.3],[70713.2,0.0],[70716.6,0.057],[70717.2,0.028],[70717.3,0.0],[70718.2,0.057],[70718.8,0.028],[70722.8,0.003],[70723.5,0.7],[70724.1,0.0],[70724.4,0.0],[70725.6,1.505],[70726.3,0.506],[70726.7,0.552],[70727.4,0.001],[70727.6,0.011],[70727.7,0.003],[70728.7,0.01],[70728.8,0.716],[70728.9,0.603],[70729.0,0.071],[70729.8,0.0],[70730.3,1.53],[70731.2,0.284],[70731.3,0.285],[70731.5,0.933],[70732.1,1.054],[70732.7,0.283],[70732.9,0.836],[70733.6,0.283],[70734.2,0.849],[70734.6,0.283],[70734.7,0.072],[70734.8,0.703],[70734.9,0.283],[70735.9,1.152],[70736.6,0.003],[70736.7,1.295],[70736.9,0.637],[70737.0,0.123],[70737.9,0.291],[70738.6,0.01],[70738.8,0.05],[70739.3,0.0],[70740.0,0.079],[70740.5,0.0],[70740.7,0.213],[70740.9,0.022],[70741.6,0.071],[70741.7,0.061],[70742.0,0.0],[70742.3,0.502],[70743.4,0.573],[70744.9,0.07],[70745.3,0.291],[70745.9,1.741],[70746.6,2.052],[70748.4,0.0],[70748.6,1.741],[70749.5,4.099],[70749.9,1.051],[70752.2,0.009],[70752.7,0.15],[70753.2,0.0],[70753.8,0.095],[70754.2,0.0],[70758.0,1.713],[70758.1,0.0],[70758.9,0.074],[70759.2,0.023],[70759.9,0.003],[70760.9,0.289],[70762.4,0.071],[70762.9,0.977],[70763.1,0.002],[70765.1,1.297],[70765.5,0.01],[70767.5,0.0],[70767.6,0.0],[70772.2,1.59],[70775.7,0.0],[70775.8,0.293],[70775.9,0.272],[70777.0,0.05],[70777.2,0.02],[70777.3,0.339],[70779.7,0.025],[70780.2,0.44],[70782.6,0.011],[70785.8,0.288],[70786.4,1.318],[70787.9,0.287],[70789.5,0.022],[70789.8,0.446],[70794.6,9.906],[70795.8,0.228],[70798.0,0.063],[70798.6,0.0],[70801.9,1.689],[70802.5,0.0],[70803.3,0.45],[70805.8,0.04],[70809.9,0.7],[70810.4,1.625],[70810.7,4.323],[70812.6,0.7],[70812.8,0.0],[70813.3,0.0],[70813.5,0.0],[70813.7,0.0],[70814.0,0.0],[70814.1,0.0],[70814.8,0.0],[70815.1,0.0],[70815.3,0.0],[70815.7,0.0],[70816.0,0.0],[70816.7,0.0],[70817.0,0.0],[70817.3,0.0],[70817.8,0.0],[70817.9,0.0]],"bids":[[70709.9,13.727],[70709.0,0.079],[70708.0,0.072],[70706.9,0.0],[70706.5,0.665],[70706.4,1.816],[70706.3,0.228],[70706.1,0.283],[70706.0,0.034],[70705.7,0.566],[70705.3,0.0],[70705.2,0.283],[70704.9,0.173],[70704.8,0.0],[70703.9,0.0],[70703.6,0.283],[70703.3,0.836],[70703.1,0.283],[70702.9,0.2],[70702.8,1.09],[70702.7,0.283],[70702.6,0.496],[70702.5,1.634],[70701.9,0.03],[70700.8,0.0],[70700.7,1.381],[70700.5,0.144],[70700.4,0.387],[70700.3,0.991],[70700.0,0.169],[70699.9,8.812],[70699.7,0.021],[70699.6,0.028],[70699.5,0.0],[70698.9,0.0],[70698.0,0.028],[70697.2,0.918],[70697.1,0.048],[70695.8,0.073],[70695.7,0.66],[70695.4,0.268],[70693.2,0.285],[70692.3,0.002],[70692.1,0.07],[70691.9,0.531],[70691.0,0.072],[70690.9,0.03],[70690.7,0.853],[70690.5,0.612],[70689.7,0.145],[70689.3,0.172],[70689.2,0.012],[70688.8,0.012],[70688.7,0.002],[70688.6,0.0],[70688.3,0.02],[70687.9,0.289],[70686.8,0.418],[70686.7,0.438],[70686.5,1.459],[70686.3,0.013],[70685.3,0.635],[70685.0,4.103],[70684.9,0.08],[70684.6,1.743],[70684.4,0.635],[70684.3,0.01],[70684.1,0.0],[70682.5,0.0],[70682.4,0.04],[70682.2,2.89],[70682.1,0.172],[70681.9,2.029],[70681.7,0.634],[70678.6,0.228],[70678.5,0.379],[70678.0,0.659],[70676.0,2.124],[70675.6,0.0],[70675.0,0.0],[70670.1,0.029],[70668.9,0.071],[70667.7,0.0],[70666.4,0.001],[70666.0,0.06],[70665.2,0.956],[70665.0,1.627],[70663.9,0.143],[70662.7,0.0],[70659.4,0.291],[70658.6,0.071],[70655.8,0.0],[70654.7,0.0],[70651.9,0.246],[70648.0,0.0],[70646.3,26.566],[70641.8,0.02],[70641.7,0.188],[70641.3,4.885],[70641.2,0.0],[70640.7,0.291],[70638.4,0.083],[70634.6,0.0],[70628.2,0.0],[70618.2,0.002],[70618.0,5.338],[70614.8,7.081],[70613.5,0.317],[70613.2,0.0]],"_doc":"43ad041f-8669-4f53-85f1-ad129e4866de"}