[{"receive_time":1712791381.591,"timestamp":"2024-04-11 00:23:01","asks":[[70683.67,7.9e-05],[70684.76,0.012478],[70685.84,0.012478],[70690.61,0.014056],[70693.64,0.014111],[70693.65,0.014056],[70699.64,0.051034],[70706.46,0.1387],[70706.55,0.0],[70712.48,0.113175],[70738.89,0.11903],[70773.69,0.366834],[70791.12,0.007308],[70794.12,4.066973],[70836.42,0.0],[70836.65,0.0],[70837.56,0.0],[70838.45,0.0],[70838.71,0.0],[70838.81,0.0],[70838.89,0.0],[70839.3,0.0],[70839.31,0.0],[70839.87,0.0]],"bids":[[70681.79,0.009003],[70681.77,0.003003],[70677.74,0.01248],[70483.21,0.0]],"_doc":"6c2e943b-c987-4e35-94d6-87eed1b9a3cf"},{"receive_time":1712791381.39,"timestamp":"2024-04-11 00:23:01","asks":[[70693.64,0.0],[70699.64,0.106057],[70712.48,0.0],[70731.68,0.0],[70739.27,0.0],[70790.22,0.0],[70791.12,4.074281],[70795.57,0.000568],[70838.89,0.000259],[70839.3,0.1387],[70839.31,0.004],[70839.87,0.438033]],"bids":[[70681.79,0.006001],[70680.15,0.012479],[70677.94,0.0]],"_doc":"29be4c6c-dba5-410a-ba81-a775b90ceaf0"},{"receive_time":1712791381.19,"timestamp":"2024-04-11 00:23:01","asks":[[70683.78,0.0],[70690.44,0.0],[70693.61,0.0],[70693.64,0.014116],[70717.2,0.0],[70732.3,0.0],[70738.9,0.198382],[70766.5,0.389144],[70789.3,0.0],[70790.22,4.066974],[70838.71,0.004],[70838.81,1.68313]],"bids":[[70681.79,0.003001],[70681.78,0.047683],[70681.77,0.006005],[70679.58,0.0]],"_doc":"1c8c53a5-bc90-4537-8db4-6c24b810b808"},{"receive_time":1712791380.99,"timestamp":"2024-04-11 00:23:00","asks":[[70683.78,0.012479],[70690.44,0.032584],[70693.61,0.014056],[70699.63,0.0],[70699.64,0.051034],[70700.7,0.0283],[70705.49,0.01698],[70730.79,0.0],[70743.88,0.08837],[70789.3,4.066974],[70790.22,0.0],[70838.71,0.0],[70838.81,0.0],[70838.89,0.0]],"bids":[[70680.39,0.0],[70679.58,0.012479],[70558.68,0.0],[70511.66,0.101017]],"_doc":"a19f3b72-fb38-4c9d-803e-1de789b30545"},{"receive_time":1712791380.79,"timestamp":"2024-04-11 00:23:00","asks":[[70693.64,0.0],[70699.64,0.089072],[70703.89,0.0],[70705.49,0.016983],[70710.67,0.0],[70712.48,0.113174],[70790.22,4.066974],[70790.23,0.0],[70791.12,0.007308],[70791.13,0.0],[70791.14,0.0],[70838.71,0.004],[70838.81,1.68313],[70838.89,0.000259]],"bids":[[70681.77,0.009006],[70681.76,0.0],[70680.39,0.012479]],"_doc":"67ee3937-24b1-4d1e-9bcf-d84c0fb00756"},{"receive_time":1712791380.59,"timestamp":"2024-04-11 00:23:00","asks":[[70685.66,0.0],[70686.74,0.0],[70693.64,0.014113],[70699.64,0.051034],[70703.89,0.016987],[70705.49,0.0],[70706.51,0.0],[70706.52,0.0],[70706.55,0.1387],[70708.56,0.085203],[70710.3,0.0283],[70710.67,0.113175],[70716.24,0.0],[70716.25,0.0],[70721.8,0.254703],[70722.8,0.424499],[70783.04,0.305454],[70790.23,4.066974],[70791.13,4.066974],[70791.43,0.0],[70838.71,0.0],[70838.81,0.0],[70838.89,0.0]],"bids":[[70681.77,0.006003],[70681.76,0.003003],[70681.1,0.0],[70677.94,0.01248],[70652.54,0.00281],[70592.33,0.0035],[70570.94,0.0],[70540.9,0.611387],[70483.0,0.0],[70482.1,0.0]],"_doc":"62d4174a-2d27-422b-9f0a-795f9b36e718"},{"receive_time":1712791380.39,"timestamp":"2024-04-11 00:23:00","asks":[[70685.66,7.8e-05],[70686.74,0.012478],[70693.62,0.0],[70699.1,0.0],[70699.64,0.106052],[70700.7,0.0],[70701.85,0.0],[70702.05,0.017114],[70703.07,0.0],[70705.07,0.0],[70707.07,0.0],[70710.67,0.0],[70712.47,0.001222],[70712.48,0.113175],[70712.61,0.0],[70712.8,0.021285],[70789.31,0.0],[70791.43,4.066974],[70838.71,0.004],[70838.81,1.68313],[70838.89,0.000259]],"bids":[[70681.78,0.050683],[70681.5,0.0283],[70681.1,0.012479],[70676.7,0.0283],[70668.7,0.0],[70482.02,0.0],[70480.86,0.0]],"_doc":"8de40f64-51b0-4b81-b516-a49167c8321e"},{"receive_time":1712791380.19,"timestamp":"2024-04-11 00:23:00","asks":[[70693.6,0.0],[70693.61,0.0],[70693.62,0.014108],[70699.09,0.014056],[70699.1,0.0283],[70710.68,0.014768],[70789.31,4.066974],[70789.32,0.0],[70838.71,0.0],[70838.81,0.0]],"bids":[[70681.77,0.003001],[70681.76,0.006005],[70677.48,0.0],[70676.84,0.0],[70676.7,0.04078],[70675.1,0.0283],[70656.22,0.021041]],"_doc":"6a6c6786-10e5-40b5-9370-1af75b301027"},{"receive_time":1712791379.99,"timestamp":"2024-04-11 00:22:59","asks":[[70690.43,0.0],[70693.6,0.014113],[70710.67,0.114399],[70710.68,0.0],[70732.64,0.0],[70838.45,0.004],[70838.71,0.004],[70838.81,1.68313]],"bids":[[70681.76,0.012006],[70652.45,0.00057],[70570.94,0.0035],[70565.85,0.0],[70480.66,0.0]],"_doc":"30c752ea-792a-4baa-b7a3-8a40d8aba3a3"},{"receive_time":1712791379.79,"timestamp":"2024-04-11 00:22:59","asks":[[70690.3,0.0],[70690.31,0.0],[70690.43,0.014056],[70693.6,0.01411],[70693.61,0.014056],[70693.65,0.0],[70709.63,0.0],[70710.67,0.114398],[70730.79,0.084614],[70742.55,0.0],[70789.32,4.066974],[70791.14,0.007308],[70791.96,0.0],[70837.56,0.000207]],"bids":[[70676.84,0.01248],[70676.74,0.0],[70633.5,0.0],[70599.37,0.001944],[70564.52,0.001772],[70558.68,0.095289],[70553.55,0.0],[70508.51,0.0]],"_doc":"4e3dd05a-d1d5-4780-b7dd-b2cca278d115"},{"receive_time":1712791379.59,"timestamp":"2024-04-11 00:22:59","asks":[[70682.73,0.0],[70690.3,0.115666],[70690.31,0.014056],[70693.6,0.0],[70693.61,0.0],[70693.65,0.014056],[70701.85,0.01705],[70718.49,0.0],[70719.23,0.0],[70721.79,0.0],[70722.77,0.054452],[70742.55,0.089786],[70789.32,4.066979],[70789.33,0.0]],"bids":[[70681.76,0.009003],[70679.74,0.0],[70676.74,0.01248],[70665.33,0.017087],[70557.01,0.0],[70508.51,0.101641],[70480.4,0.0]],"_doc":"9a301a76-3a9d-45c5-99e9-ba3a53f0b0e9"},{"receive_time":1712791379.39,"timestamp":"2024-04-11 00:22:59","asks":[[70682.73,0.012633],[70690.52,0.0],[70693.6,0.014111],[70693.61,0.014056],[70693.64,0.0],[70693.65,0.0],[70707.1,0.0283],[70709.62,0.0],[70709.63,0.113178],[70789.33,4.06692],[70791.96,0.007308],[70792.65,0.0],[70792.77,0.0],[70837.56,0.0]],"bids":[[70681.76,0.006001],[70679.74,0.012633],[70678.3,0.0283],[70677.48,0.012634],[70667.96,0.048805],[70663.99,0.0],[70652.49,0.00432],[70557.01,0.095308],[70553.56,0.0],[70480.0,0.0],[70479.56,0.0],[70479.43,0.0],[70479.31,0.0]],"_doc":"e98324f3-2877-47b2-81b0-760d94622399"},{"receive_time":1712791379.19,"timestamp":"2024-04-11 00:22:59","asks":[[70693.62,0.0],[70693.63,0.0],[70693.64,0.014112],[70693.65,0.014056],[70708.64,0.0],[70708.7,0.0283],[70709.62,0.113177],[70710.67,0.001222],[70712.61,0.021733],[70744.83,0.0],[70785.77,0.0],[70792.65,4.06692],[70792.77,0.007307],[70794.59,0.0],[70796.68,0.0],[70838.45,0.0]],"bids":[[70681.76,0.003001],[70677.4,0.0],[70676.7,0.0283],[70667.62,0.0],[70663.99,0.054444],[70627.57,0.014768],[70624.99,0.033982],[70620.01,0.0],[70600.14,0.0],[70565.85,0.0035],[70557.66,0.0],[70553.56,0.096301],[70553.54,0.0],[70478.71,0.0]],"_doc":"a512ec68-a870-4f49-98c0-3c809b32b142"},{"receive_time":1712791378.99,"timestamp":"2024-04-11 00:22:58","asks":[[70690.52,0.014056],[70693.62,0.014109],[70693.63,0.014056],[70693.65,0.0],[70697.88,0.0],[70699.47,0.0],[70699.63,0.014056],[70699.64,0.051034],[70699.98,0.0],[70700.7,0.0283],[70701.17,0.0],[70703.07,0.005],[70703.17,0.0],[70703.28,0.0],[70705.07,0.005],[70705.48,0.007],[70705.49,0.016986],[70705.66,0.0],[70706.2,0.0],[70706.51,0.083227],[70706.52,0.1387],[70707.07,0.005],[70708.57,0.142],[70708.64,0.001222],[70708.65,0.0],[70710.61,0.0],[70711.14,0.0],[70712.04,0.003233],[70718.35,0.02122],[70732.49,0.04244],[70732.64,0.02991],[70736.4,0.142],[70742.57,0.0],[70744.83,0.0047],[70749.72,0.438033],[70753.06,0.145178],[70777.15,0.0],[70785.6,0.29506],[70785.76,0.0],[70785.77,1.251543],[70786.27,0.0],[70794.59,4.06692],[70796.68,0.007307],[70838.71,0.0],[70838.81,0.0],[70838.89,0.0],[70839.31,0.0],[70839.87,0.0],[70840.0,0.0],[70840.66,0.0],[70841.27,0.0],[70841.29,0.0]],"bids":[[70681.75,0.002241],[70678.83,0.012918],[70677.6,0.0],[70677.4,0.012918],[70675.32,0.0],[70675.11,0.0],[70675.1,0.041292],[70674.92,0.0],[70667.1,0.0],[70665.82,0.1387],[70662.68,0.030794],[70646.1,0.274537],[70644.01,0.0],[70637.26,0.0],[70621.61,0.0],[70541.44,0.009556],[70478.71,0.004]],"_doc":"5d34d295-db6a-4613-b094-9fb98491b4c0"},{"receive_time":1712791378.79,"timestamp":"2024-04-11 00:22:58","asks":[[70680.3,0.0],[70680.34,0.0],[70680.67,0.0],[70687.33,0.0],[70687.34,0.0],[70687.35,0.0],[70687.44,0.0],[70687.45,0.0],[70687.5,0.0],[70690.59,0.0],[70693.65,0.014057],[70693.93,0.0],[70694.3,0.0],[70695.9,0.0],[70697.49,0.0],[70697.5,0.0],[70699.1,0.0],[70699.42,0.0],[70699.64,0.097246],[70699.99,0.0],[70700.41,0.0],[70700.7,0.0],[70703.27,0.0],[70703.89,0.0],[70705.49,0.016982],[70706.21,0.0],[70736.4,0.0],[70749.72,0.0],[70751.3,0.0],[70780.65,0.0],[70786.27,4.06692],[70829.07,0.016],[70830.76,0.0002],[70831.44,0.001702],[70833.0,0.611387],[70833.17,0.000775],[70833.26,0.001431],[70833.29,0.003032],[70833.92,0.1387],[70835.07,0.004],[70835.67,0.018694],[70836.42,0.00189],[70836.65,0.004],[70837.56,0.000207],[70838.45,0.004],[70838.71,0.004],[70838.81,1.68313],[70838.89,0.000259],[70839.31,0.004],[70839.87,0.438033],[70840.0,0.0002],[70840.66,0.004],[70841.27,0.00021],[70841.29,0.658964]],"bids":[[70680.0,0.0126],[70679.9,0.0283],[70677.6,0.438033],[70676.16,0.0],[70676.0,0.0126],[70675.32,0.1387],[70675.18,0.0],[70675.11,0.047683],[70654.45,0.385786],[70602.4,1.733567],[70587.45,0.0],[70518.18,0.0],[70478.71,0.0],[70478.66,0.0],[70478.45,0.0],[70477.45,0.0]],"_doc":"ebf6aa8d-9c49-4f6d-95b2-7c04acceb5c4"},{"receive_time":1712791378.59,"timestamp":"2024-04-11 00:22:58","asks":[[70680.3,0.013427],[70680.34,0.003003],[70680.67,0.013427],[70687.33,0.014057],[70687.34,0.013136],[70687.35,0.014057],[70687.43,0.0],[70690.58,0.0],[70703.27,0.067917],[70718.49,0.030635],[70779.74,0.0],[70780.65,4.066869],[70829.07,0.0],[70830.76,0.0],[70831.44,0.0],[70833.0,0.0],[70833.17,0.0],[70833.26,0.0]],"bids":[[70676.16,0.013428],[70561.82,0.0],[70557.66,0.0035],[70477.44,0.0]],"_doc":"16d804f8-9c28-46af-8f8d-53e838809c63"},{"receive_time":1712791378.391,"timestamp":"2024-04-11 00:22:58","asks":[[70680.66,0.0],[70680.71,0.0],[70687.43,0.014057],[70779.74,4.066869],[70779.75,0.0],[70833.26,0.001431]],"bids":[[70676.63,0.0],[70477.44,0.001589]],"_doc":"c2dabf23-afa7-43cd-b1e7-ebe93dd12ad1"},{"receive_time":1712791378.19,"timestamp":"2024-04-11 00:22:58","asks":[[70678.01,0.0],[70680.66,0.013392],[70693.65,0.0],[70693.93,0.018412],[70693.94,0.0],[70758.15,0.0],[70779.75,4.066989],[70833.0,0.611387],[70833.17,0.000775]],"bids":[[70676.63,0.013393],[70675.18,0.013393],[70659.66,0.1387],[70553.55,0.001772],[70553.53,0.0],[70477.44,0.0],[70477.2,0.0],[70476.49,0.0]],"_doc":"f53c47ab-21f6-4e7e-9c61-8495fb15a2ed"},{"receive_time":1712791377.99,"timestamp":"2024-04-11 00:22:57","asks":[[70693.65,0.01],[70758.15,4.066989],[70772.76,0.0],[70833.0,0.0]],"bids":[],"_doc":"82a25f30-a1e1-4f86-bc0f-b00ee7aa2495"},{"receive_time":1712791377.79,"timestamp":"2024-04-11 00:22:57","asks":[[70680.7,0.0],[70690.58,0.01]],"bids":[[70561.82,0.0035],[70561.07,0.0]],"_doc":"c9e8b6c0-5477-4d69-94ae-3917f4eac34e"},{"receive_time":1712791377.59,"timestamp":"2024-04-11 00:22:57","asks":[[70678.01,0.003],[70679.88,0.0],[70680.23,0.0],[70680.7,0.014057],[70680.71,0.013359],[70681.42,0.0],[70682.5,0.0],[70693.93,0.101631],[70693.94,0.1387],[70694.3,0.0283],[70697.49,0.016981],[70703.89,0.113187],[70705.49,0.0],[70706.2,0.083229],[70758.78,0.0],[70772.76,4.066872],[70833.17,0.0],[70833.26,0.0],[70833.29,0.0]],"bids":[[70677.3,0.0],[70676.7,0.0],[70676.28,0.0],[70676.0,0.0],[70660.77,0.0],[70627.11,0.083228],[70477.45,0.00865],[70477.44,0.001589],[70477.2,0.611387],[70476.49,0.000525]],"_doc":"68a96417-9bc9-43e5-ba91-715b5898f975"},{"receive_time":1712791377.391,"timestamp":"2024-04-11 00:22:57","asks":[[70686.62,0.0],[70686.63,0.0],[70695.89,0.0],[70697.49,0.026942],[70758.78,4.066872],[70772.76,0.0],[70833.26,0.001431],[70833.29,0.003032]],"bids":[[70677.3,0.013329],[70676.95,0.0]],"_doc":"1be9ab58-ccdf-4d21-a3cf-2188f20e406c"},{"receive_time":1712791377.19,"timestamp":"2024-04-11 00:22:57","asks":[[70686.62,0.01314],[70686.63,0.014057],[70686.72,0.0],[70686.73,0.0],[70740.83,0.0],[70762.4,0.0],[70772.76,4.06688],[70777.12,0.0],[70833.0,0.611387],[70833.17,0.000775]],"bids":[[70561.07,0.0035],[70560.3,0.0]],"_doc":"3868f596-96eb-454d-a061-9093146d57fd"},{"receive_time":1712791376.991,"timestamp":"2024-04-11 00:22:56","asks":[[70679.88,8e-06],[70686.72,0.013144],[70686.73,0.014057],[70686.82,0.0],[70686.83,0.0],[70740.83,0.0047],[70762.4,0.0047],[70833.0,0.0],[70833.17,0.0]],"bids":[[70553.54,0.096516],[70540.01,0.0]],"_doc":"8cba59b3-a61e-4ede-bba8-2b689eab3cdb"},{"receive_time":1712791376.79,"timestamp":"2024-04-11 00:22:56","asks":[[70679.88,0.013298],[70686.82,0.013138],[70686.83,0.014057],[70686.92,0.0],[70686.93,0.0],[70705.49,0.113185],[70721.8,0.0],[70777.12,4.06689],[70777.13,0.0]],"bids":[[70676.95,0.013299],[70477.45,0.0]],"_doc":"bdc83938-72da-4899-a341-5399ae9ba626"},{"receive_time":1712791376.59,"timestamp":"2024-04-11 00:22:56","asks":[[70686.92,0.021574],[70686.93,0.014057],[70687.02,0.0],[70687.03,0.0],[70716.24,0.254715],[70721.79,0.085151],[70727.57,0.0],[70736.39,0.0],[70739.27,0.020365],[70777.13,4.06689],[70779.75,0.0],[70833.26,0.0]],"bids":[[70676.62,0.0],[70635.11,0.119035],[70561.03,0.0],[70560.3,0.0035]],"_doc":"833854e1-5aca-4126-a2e8-1e0bc04e3ee6"},{"receive_time":1712791376.39,"timestamp":"2024-04-11 00:22:56","asks":[[70680.11,0.0],[70687.02,0.01314],[70687.03,0.014057],[70687.12,0.0],[70687.13,0.0],[70726.65,0.0],[70736.39,0.090992],[70772.75,0.0],[70772.76,0.0],[70779.75,4.066859],[70833.17,0.000775],[70833.26,0.001431]],"bids":[[70677.52,0.0],[70676.62,0.013263],[70660.77,0.1387],[70477.44,0.0]],"_doc":"8fcca975-0d9a-4feb-b03e-70ed729b102b"},{"receive_time":1712791376.191,"timestamp":"2024-04-11 00:22:56","asks":[[70687.12,0.013143],[70687.13,0.014057],[70687.22,0.0],[70687.23,0.0],[70772.75,4.066802],[70772.77,0.0]],"bids":[[70558.68,0.0],[70553.53,0.001772]],"_doc":"36b6652e-3d97-4a2b-8ceb-b83fe2d0192f"},{"receive_time":1712791375.991,"timestamp":"2024-04-11 00:22:55","asks":[[70687.22,0.013137],[70687.23,0.014057],[70687.32,0.0],[70687.33,0.0],[70705.48,0.0],[70705.49,0.113184],[70772.76,1.205236],[70773.69,0.0]],"bids":[],"_doc":"8336a846-66d3-4782-9b5c-cb0b62b34b6b"},{"receive_time":1712791375.79,"timestamp":"2024-04-11 00:22:55","asks":[[70680.23,0.003],[70687.32,0.021573],[70687.33,0.014057],[70687.42,0.0],[70687.43,0.0],[70693.65,0.0],[70705.49,0.0],[70705.5,0.0283],[70716.25,0.424512],[70772.77,4.066802],[70775.81,0.0]],"bids":[[70679.52,0.0],[70679.51,0.0],[70636.82,0.043398],[70633.51,0.0],[70477.45,0.00865],[70477.44,0.001589]],"_doc":"75cd691e-73e8-4edd-aced-854001858360"},{"receive_time":1712791375.59,"timestamp":"2024-04-11 00:22:55","asks":[[70687.42,0.013143],[70687.43,0.014057],[70693.64,0.0],[70705.48,0.113184],[70708.63,0.0],[70775.81,4.066802],[70779.75,0.0],[70833.17,0.0]],"bids":[[70630.57,0.085207],[70477.45,0.0]],"_doc":"e2b876bb-2d30-4c79-988b-4f9db59e0c96"},{"receive_time":1712791375.39,"timestamp":"2024-04-11 00:22:55","asks":[[70693.64,0.014112],[70693.65,0.014057],[70695.89,0.016986],[70697.49,0.0],[70705.48,0.0],[70708.63,0.113184],[70708.64,0.0],[70779.75,4.066802],[70779.76,0.0],[70833.26,0.0]],"bids":[],"_doc":"4c213131-bd43-4bc7-b790-26a5ceaa6042"},{"receive_time":1712791375.191,"timestamp":"2024-04-11 00:22:55","asks":[[70687.3,0.0],[70695.89,0.0],[70697.49,0.026939],[70775.81,0.0],[70779.76,4.066802],[70833.26,0.001431]],"bids":[[70561.66,0.0],[70561.03,0.0035]],"_doc":"de840879-2e03-43b0-a3d2-b29877e7133d"},{"receive_time":1712791374.991,"timestamp":"2024-04-11 00:22:54","asks":[[70687.3,0.013138],[70687.39,0.0],[70687.4,0.0],[70705.47,0.0],[70705.48,0.113184],[70775.81,4.066802],[70777.61,0.0],[70793.11,0.0],[70833.0,0.611387],[70833.17,0.000775]],"bids":[],"_doc":"2f9bd57e-fb74-4220-9336-47f235b53ea4"},{"receive_time":1712791374.791,"timestamp":"2024-04-11 00:22:54","asks":[[70680.11,7.8e-05],[70681.42,0.013184],[70682.5,0.013184],[70687.39,0.014057],[70687.4,0.013141],[70687.41,0.0],[70687.42,0.0],[70687.43,0.0],[70695.89,0.016981],[70705.47,0.113185],[70705.48,0.0],[70705.8,0.0],[70706.2,0.0],[70708.64,0.012545],[70717.2,0.198382],[70727.57,0.164726],[70777.61,4.066802],[70779.76,0.0],[70785.76,0.007308],[70787.03,0.0],[70833.0,0.0],[70833.17,0.0]],"bids":[],"_doc":"a1842e86-46f4-4725-9427-55e00eb09120"},{"receive_time":1712791374.59,"timestamp":"2024-04-11 00:22:54","asks":[[70680.11,0.013184],[70687.41,0.014057],[70687.42,0.01314],[70687.43,0.014057],[70693.58,0.0],[70693.59,0.0],[70775.27,0.0],[70779.76,4.066594],[70833.26,0.0],[70833.29,0.0]],"bids":[[70679.52,0.003162],[70674.92,0.013185],[70561.66,0.0035],[70561.03,0.0],[70477.44,0.0]],"_doc":"a100fa1a-4b92-4351-9ada-4baef8735876"},{"receive_time":1712791374.39,"timestamp":"2024-04-11 00:22:54","asks":[[70687.38,0.0],[70687.39,0.0],[70693.58,0.014109],[70708.65,0.020903],[70775.27,4.0668],[70779.77,0.0]],"bids":[[70679.52,0.006001],[70676.28,0.013185],[70592.11,0.0]],"_doc":"76b2087d-9155-46c5-9e59-7718e86fa423"},{"receive_time":1712791374.19,"timestamp":"2024-04-11 00:22:54","asks":[[70686.77,0.0],[70686.78,0.0],[70687.38,0.02157],[70687.39,0.014057],[70693.59,0.014057],[70697.88,0.016591],[70705.48,0.113184],[70708.5,0.0],[70710.73,0.0],[70777.85,0.0],[70779.77,4.0668],[70833.92,0.0]],"bids":[[70679.52,0.003001],[70676.38,0.0],[70674.93,0.0],[70634.62,0.0],[70628.75,0.0],[70592.11,0.0047],[70477.45,0.00865],[70477.44,0.001589]],"_doc":"7e3a67e5-ea7d-45a6-ae01-325f2ad99635"},{"receive_time":1712791373.99,"timestamp":"2024-04-11 00:22:53","asks":[[70680.93,0.0],[70682.01,0.0],[70686.77,0.014057],[70686.78,0.013137],[70686.87,0.0],[70686.88,0.0],[70694.21,0.002381],[70697.75,0.0],[70705.48,0.0],[70708.5,0.113184],[70708.51,0.0],[70777.85,4.0668],[70779.78,0.0],[70833.26,0.001431],[70833.29,0.003032],[70833.92,0.1387]],"bids":[[70679.51,6e-06],[70678.77,0.0],[70674.93,0.013185],[70637.26,0.274537],[70635.27,0.0],[70634.62,0.0047],[70633.51,0.083225],[70628.74,0.0],[70557.38,0.002381],[70477.45,0.0],[70477.44,0.0],[70477.2,0.0]],"_doc":"f9d97630-4f94-4713-a625-d6800f0eb608"},{"receive_time":1712791373.791,"timestamp":"2024-04-11 00:22:53","asks":[[70680.34,0.0],[70680.93,0.005019],[70682.01,0.013184],[70686.87,0.014057],[70686.88,0.013138],[70686.97,0.0],[70686.98,0.0],[70705.48,0.113184],[70775.27,0.0],[70779.78,4.0668]],"bids":[[70678.77,0.003006],[70677.52,0.013185],[70677.09,0.0],[70675.58,0.0],[70609.7,0.00021]],"_doc":"f1b6d001-4f5e-447f-b4ac-8d7ba969e69d"},{"receive_time":1712791373.59,"timestamp":"2024-04-11 00:22:53","asks":[[70686.97,0.014057],[70686.98,0.013141],[70687.07,0.0],[70687.08,0.0],[70687.09,0.0],[70694.12,0.0],[70697.75,0.016803],[70708.51,0.020809]],"bids":[[70604.47,0.000207],[70561.03,0.0035],[70555.94,0.0],[70544.62,0.0]],"_doc":"6aa9b5ce-aa54-4b27-baa1-2c2084e2b4a3"},{"receive_time":1712791373.39,"timestamp":"2024-04-11 00:22:53","asks":[[70680.34,0.003001],[70680.93,0.013184],[70687.07,0.014057],[70687.08,0.013143],[70687.09,0.014057],[70687.36,0.0],[70687.37,0.0],[70693.65,0.0],[70695.89,0.016986],[70695.9,0.0283],[70697.47,0.0],[70697.48,0.0],[70708.25,0.0],[70775.27,4.066598],[70777.14,0.0],[70833.26,0.0]],"bids":[[70679.5,0.0],[70678.77,6e-06],[70678.3,0.0],[70677.09,0.013185],[70660.51,0.0],[70477.44,0.001589],[70477.2,0.611387]],"_doc":"bdb8b704-bfb0-4f42-b6e8-161f1653fa32"},{"receive_time":1712791373.19,"timestamp":"2024-04-11 00:22:53","asks":[[70687.26,0.0],[70687.36,0.013141],[70687.37,0.014057],[70777.14,4.066591],[70787.03,0.007308],[70789.33,0.0],[70833.29,0.0]],"bids":[[70677.98,0.0],[70589.99,0.001944]],"_doc":"cae99501-7697-4312-a2a3-80ab72abdf93"},{"receive_time":1712791372.99,"timestamp":"2024-04-11 00:22:52","asks":[[70687.26,0.013136],[70687.36,0.0],[70777.14,4.066626],[70779.78,0.0]],"bids":[[70678.77,0.009006],[70677.98,0.013185],[70555.94,0.0035],[70548.65,0.0],[70477.44,0.0]],"_doc":"0aca2f5d-3480-4ece-958f-0de0b7235952"},{"receive_time":1712791372.79,"timestamp":"2024-04-11 00:22:52","asks":[[70682.85,0.0],[70687.36,0.012618],[70693.64,0.0],[70703.9,0.0283]],"bids":[[70678.39,0.0],[70677.75,0.0],[70675.58,0.013185],[70652.46,0.0008]],"_doc":"96aeb89d-3aff-4d66-92f0-b3237cc32f76"},{"receive_time":1712791372.59,"timestamp":"2024-04-11 00:22:52","asks":[[70682.85,0.013184],[70683.49,0.0],[70687.41,0.0],[70693.64,0.014113],[70705.48,0.113185],[70705.5,0.452847],[70718.49,0.0],[70721.8,0.051029],[70742.56,0.089709],[70779.78,4.066626],[70779.79,0.0]],"bids":[[70679.5,0.003],[70678.77,0.006003],[70678.39,0.013185],[70677.75,0.013185],[70676.38,0.013185],[70477.2,0.0],[70476.49,0.0],[70476.19,0.0]],"_doc":"8d7fdb5e-0f01-4cf9-b606-16e87e9f240a"},{"receive_time":1712791372.39,"timestamp":"2024-04-11 00:22:52","asks":[[70683.49,0.013184],[70687.41,0.014057],[70693.64,0.014109],[70699.42,0.1387],[70705.66,0.001222],[70709.63,0.0],[70714.88,0.0],[70719.23,0.051046],[70719.46,0.0],[70727.58,0.274537],[70779.79,4.066626],[70779.8,0.0],[70789.33,0.007307],[70833.92,0.0],[70835.07,0.0],[70835.67,0.0],[70836.42,0.0]],"bids":[[70679.5,0.013184],[70678.77,0.003001],[70678.31,0.0],[70665.5,0.0],[70662.76,0.0],[70650.34,0.0],[70476.49,0.000525],[70476.19,0.1387]],"_doc":"f2e10ad4-8a2f-42a3-8342-ce32661350bf"},{"receive_time":1712791372.19,"timestamp":"2024-04-11 00:22:52","asks":[[70687.32,0.0],[70693.64,0.014112],[70693.65,0.014057],[70695.87,0.0],[70695.88,0.0],[70695.9,0.0],[70697.47,0.016986],[70699.95,0.0],[70705.48,0.113184],[70705.67,0.0],[70708.25,0.021015],[70709.63,0.001222],[70710.61,0.003233],[70779.8,4.06668],[70782.23,0.0],[70784.81,0.0],[70793.11,0.000568]],"bids":[[70678.76,0.0],[70678.31,0.013185],[70678.3,0.0283],[70676.7,0.0283],[70676.49,0.0],[70667.62,0.049558],[70663.9,0.0],[70589.82,0.001667],[70549.72,0.0],[70548.65,0.0035],[70476.49,0.0],[70476.19,0.0]],"_doc":"af653362-08ad-471f-8ebc-fe6625c23ed8"},{"receive_time":1712791371.99,"timestamp":"2024-04-11 00:22:51","asks":[[70682.43,0.0],[70687.32,0.012618],[70687.42,0.0],[70687.43,0.0],[70690.59,0.014057],[70690.6,0.0],[70690.61,0.0],[70691.26,0.0],[70694.3,0.0],[70695.87,0.016988],[70695.88,0.014057],[70695.89,0.0],[70696.56,0.0],[70697.48,0.016816],[70699.65,0.074041],[70699.98,0.007],[70703.26,0.0],[70705.48,0.114408],[70707.17,0.0],[70782.23,4.06668],[70835.07,0.004],[70835.67,0.018694],[70836.42,0.00189]],"bids":[[70678.76,0.013185],[70676.49,0.003],[70676.44,0.0],[70675.1,0.0283],[70670.34,0.007074],[70664.93,0.0],[70662.3,0.0],[70540.01,0.107342],[70536.97,0.0],[70475.57,0.0]],"_doc":"2127f54c-05c4-497a-9b25-c5067f1e36d3"},{"receive_time":1712791371.79,"timestamp":"2024-04-11 00:22:51","asks":[[70678.99,0.0],[70679.0,0.0],[70682.08,0.0],[70682.43,0.013184],[70684.01,0.0],[70684.02,0.0],[70686.8,0.0],[70687.42,0.013141],[70687.43,0.014057],[70687.44,0.004315],[70690.6,0.044432],[70691.25,0.0],[70692.7,0.0],[70694.29,0.0],[70695.89,0.016988],[70696.55,0.0],[70703.26,0.113187],[70703.27,0.0],[70779.81,0.0],[70831.44,0.001702],[70833.0,0.611387],[70833.17,0.000775],[70833.26,0.001431],[70833.29,0.003032],[70833.92,0.1387]],"bids":[[70676.0,0.0132],[70674.79,0.0],[70660.51,0.1387],[70644.01,0.012739],[70475.07,0.0],[70473.61,0.0]],"_doc":"bc52ff2b-87b3-4f08-82da-edd4aad4b3b5"},{"receive_time":1712791371.59,"timestamp":"2024-04-11 00:22:51","asks":[[70678.99,0.006005],[70679.0,0.003001],[70684.01,0.014057],[70692.69,0.0],[70692.7,0.0283],[70694.29,0.016982],[70695.89,0.0],[70696.55,0.016983],[70703.27,0.113187],[70831.44,0.0],[70833.0,0.0],[70833.17,0.0]],"bids":[[70676.44,0.013185],[70674.79,0.013185],[70674.72,0.0],[70673.37,0.0],[70558.68,0.001772],[70539.35,0.0]],"_doc":"ffaad368-355e-4b65-ad0f-86241a3396fd"},{"receive_time":1712791371.39,"timestamp":"2024-04-11 00:22:51","asks":[[70677.91,0.0],[70678.99,0.0],[70680.07,0.0],[70686.66,0.0],[70686.67,0.0],[70692.69,0.100209],[70692.7,0.167],[70695.89,0.01698],[70831.44,0.001702],[70833.0,0.611387],[70833.17,0.000775]],"bids":[[70675.91,0.0],[70675.41,0.0],[70475.07,0.004],[70473.61,0.000817]],"_doc":"6306a18f-5a78-4b05-84cb-4ab7dcee9764"},{"receive_time":1712791371.19,"timestamp":"2024-04-11 00:22:51","asks":[[70677.91,0.013185],[70678.99,0.013184],[70680.07,0.013184],[70686.66,0.01374],[70686.67,0.014057],[70686.76,0.0],[70686.77,0.0],[70702.29,0.0],[70703.27,0.113188],[70740.83,0.0],[70770.32,0.141155],[70831.44,0.0],[70833.0,0.0],[70833.17,0.0]],"bids":[[70675.41,0.013185],[70644.01,0.0]],"_doc":"6bbfc1ba-d355-4411-8173-df73788eb3c4"},{"receive_time":1712791370.99,"timestamp":"2024-04-11 00:22:50","asks":[[70678.53,0.0],[70686.58,0.0],[70686.59,0.0],[70686.76,0.013745],[70686.77,0.014057],[70694.29,0.0],[70694.46,0.0],[70695.89,0.016985],[70697.5,0.0283],[70702.29,0.113188],[70703.27,0.0],[70738.1,0.0],[70740.83,0.0047],[70783.04,0.0],[70833.0,0.611387],[70833.17,0.000775]],"bids":[[70675.91,0.012006],[70654.44,0.424537],[70643.21,0.0],[70600.0,0.0002],[70475.07,0.0]],"_doc":"40ca2e81-ed21-490a-90ca-2a157aa42727"},{"receive_time":1712791370.791,"timestamp":"2024-04-11 00:22:50","asks":[[70686.58,0.022174],[70686.59,0.014057],[70686.68,0.0],[70686.69,0.0],[70700.7,0.0283],[70702.29,0.0],[70703.27,0.113189],[70738.11,0.0],[70779.81,4.066818],[70784.15,0.0],[70785.76,0.0],[70831.44,0.001702]],"bids":[[70675.91,0.006003],[70675.9,0.0],[70672.36,0.0],[70668.7,0.0283],[70651.81,0.0],[70630.1,0.085041],[70475.07,0.004]],"_doc":"8ebbe7a8-0642-465c-8169-f9fe38c6bed0"},{"receive_time":1712791370.591,"timestamp":"2024-04-11 00:22:50","asks":[[70678.53,0.003],[70680.17,0.0],[70681.23,0.0],[70682.83,0.0],[70686.68,0.022176],[70686.69,0.014057],[70686.77,0.0],[70686.78,0.0],[70694.29,0.08322],[70694.46,0.1387],[70695.89,0.0],[70702.29,0.11319],[70703.27,0.0],[70707.17,0.021226],[70784.15,4.066818],[70785.76,4.066818],[70792.64,0.0],[70831.44,0.0]],"bids":[[70677.82,0.0],[70677.14,0.0],[70674.72,0.013185],[70673.37,0.013186],[70659.34,0.0],[70475.57,0.004]],"_doc":"8ae7fdac-330f-4497-a7b7-23826e482a41"},{"receive_time":1712791370.39,"timestamp":"2024-04-11 00:22:50","asks":[[70680.17,0.013184],[70680.54,0.0],[70681.23,0.013184],[70686.64,0.0],[70686.65,0.0],[70686.77,0.014057],[70686.78,0.013744],[70702.3,0.0283],[70792.64,4.066814],[70792.65,0.0],[70833.0,0.0],[70833.17,0.0]],"bids":[[70677.82,0.016185],[70675.91,0.003001],[70672.36,0.003002],[70667.1,0.0283],[70660.98,0.085041],[70656.01,0.029051],[70620.78,0.0],[70556.2,0.0],[70549.72,0.0035],[70475.57,0.0],[70475.07,0.0],[70473.61,0.0],[70473.51,0.0]],"_doc":"c353f5f7-f0b9-4047-b453-bb39012bde59"},{"receive_time":1712791370.191,"timestamp":"2024-04-11 00:22:50","asks":[[70680.54,0.013184],[70682.83,0.013184],[70684.01,0.0],[70686.64,0.013743],[70686.65,0.014057],[70686.72,0.0],[70686.73,0.0],[70690.61,0.014057],[70699.1,0.0283],[70699.66,0.085041],[70702.36,0.0],[70703.27,0.113187],[70705.48,0.001222],[70711.23,0.0],[70714.88,0.046617],[70791.14,0.0],[70792.65,4.06673],[70833.26,0.0],[70833.29,0.0],[70833.92,0.0],[70835.07,0.0]],"bids":[[70677.14,0.013185],[70675.9,0.013185],[70672.36,0.006003],[70665.5,0.0283],[70664.58,0.0],[70657.42,0.01702],[70650.35,0.0],[70641.55,0.0],[70641.33,0.00528],[70619.05,0.0],[70536.97,0.10711],[70526.95,0.0],[70472.72,0.0]],"_doc":"ac0db917-49d9-496a-af7d-af0c59f00c35"},{"receive_time":1712791369.99,"timestamp":"2024-04-11 00:22:49","asks":[[70678.73,0.0],[70696.56,0.016852],[70698.38,0.0],[70699.94,0.0],[70703.27,0.11319],[70710.68,0.014769],[70740.83,0.0],[70762.4,0.0],[70784.81,0.007308],[70791.14,4.06673],[70795.3,0.0],[70798.99,0.0],[70833.92,0.1387],[70835.07,0.004]],"bids":[[70675.27,0.0],[70660.7,0.0],[70642.33,0.0],[70473.61,0.000817],[70473.51,0.004],[70472.72,0.012729]],"_doc":"f94d3e4e-67d9-4042-9f7d-fa1247ded169"},{"receive_time":1712791369.791,"timestamp":"2024-04-11 00:22:49","asks":[[70678.73,0.013185],[70680.16,0.0],[70682.08,7e-06],[70684.01,0.014057],[70686.72,0.013739],[70686.73,0.014057],[70690.61,0.0],[70692.58,0.0],[70692.59,0.0],[70693.66,0.007074],[70694.3,0.0283],[70695.89,0.016987],[70695.9,0.0283],[70699.94,0.113191],[70699.95,0.1387],[70711.23,0.053485],[70723.09,0.0],[70726.73,0.000824],[70736.08,0.0],[70740.83,0.0047],[70742.57,0.149507],[70743.88,0.0],[70749.99,0.86026],[70762.4,0.0047],[70773.69,0.366834],[70777.15,0.301187],[70783.04,0.305452],[70794.07,0.0],[70795.3,0.007308],[70798.99,4.066919],[70801.42,0.0],[70833.92,0.0],[70835.07,0.0],[70835.67,0.0],[70836.42,0.0],[70836.65,0.0],[70837.56,0.0],[70838.45,0.0],[70838.71,0.0],[70838.81,0.0],[70838.89,0.0],[70839.31,0.0],[70839.87,0.0]],"bids":[[70676.94,0.0],[70675.74,0.0],[70675.73,0.0],[70675.27,0.016185],[70674.86,0.0],[70672.37,0.0],[70672.36,0.003001],[70664.6,0.0],[70664.58,0.003002],[70662.76,0.045448],[70662.67,0.142],[70661.41,0.0],[70659.34,0.1387],[70659.1,0.0],[70657.5,0.0],[70656.1,0.0],[70653.98,0.079739],[70644.01,0.254738],[70636.0,0.0],[70635.26,0.0],[70632.0,0.0],[70612.92,0.0],[70562.79,0.0],[70478.45,0.004],[70477.45,0.00865],[70477.44,0.001589],[70477.2,0.611387],[70476.49,0.000525],[70476.19,0.1387],[70475.57,0.004],[70475.07,0.004]],"_doc":"312a63ba-35b3-4f07-85e4-294d49e8c4c1"},{"receive_time":1712791369.59,"timestamp":"2024-04-11 00:22:49","asks":[[70674.9,0.0],[70676.31,0.0],[70677.64,0.0],[70679.99,0.0],[70680.0,0.0],[70680.16,0.013184],[70682.33,0.0],[70682.34,0.0],[70682.35,0.0],[70684.45,0.0],[70686.29,0.0],[70686.3,0.0],[70687.66,0.0],[70689.27,0.0],[70689.49,0.0],[70689.5,0.0],[70690.61,0.014059],[70691.25,0.044428],[70691.26,0.074041],[70691.27,0.0],[70692.08,0.0],[70692.09,0.0],[70692.24,0.0],[70692.58,0.051029],[70692.59,0.085041],[70692.7,0.0],[70693.27,0.0],[70694.94,0.0],[70694.95,0.0],[70694.96,0.0],[70695.1,0.0],[70698.38,0.007],[70698.4,0.0],[70698.6,0.0],[70698.61,0.0],[70699.47,0.005],[70699.99,0.085206],[70700.0,0.0],[70700.41,0.142],[70701.17,0.005],[70702.36,0.001222],[70702.37,0.0],[70703.17,0.005],[70709.64,0.033085],[70711.76,0.0],[70712.62,0.059828],[70714.01,0.0],[70715.48,0.0],[70715.49,0.0],[70721.81,0.085041],[70723.09,0.02991],[70725.93,0.0],[70731.69,0.0],[70739.28,0.033927],[70744.13,0.0],[70760.04,0.0],[70766.67,0.0],[70776.62,0.0],[70794.07,0.007308],[70801.42,4.066919],[70828.25,1.673716],[70829.07,0.016],[70830.76,0.0002],[70831.44,0.001702],[70833.0,0.611387],[70833.17,0.000775],[70833.26,0.001431],[70833.29,0.003032],[70833.92,0.1387],[70835.07,0.004],[70835.67,0.018694],[70836.42,0.00189],[70836.65,0.004],[70837.56,0.000207],[70838.45,0.004],[70838.71,0.004],[70838.81,1.68313],[70838.89,0.000259],[70839.31,0.004],[70839.87,0.438033]],"bids":[[70676.94,0.013185],[70675.74,0.047683],[70675.73,0.014059],[70674.86,0.013302],[70673.5,0.0283],[70672.37,0.047683],[70672.0,0.010197],[70671.9,0.0283],[70670.3,0.0283],[70668.0,0.0132],[70665.39,0.0],[70664.93,0.007075],[70664.6,0.01],[70664.22,0.0],[70661.41,0.1387],[70659.57,0.438033],[70658.72,0.0],[70656.1,0.142],[70655.9,0.0],[70654.61,0.0],[70654.3,0.0],[70653.97,0.1387],[70652.7,0.0],[70649.91,0.0],[70648.13,0.092049],[70645.51,0.021448],[70642.71,0.021224],[70641.56,0.26282],[70641.48,0.060365],[70635.27,0.119036],[70630.31,0.042447],[70628.0,0.0],[70627.99,0.0],[70627.63,0.0],[70624.0,0.0],[70622.51,0.0],[70617.03,1.137953],[70608.87,0.0],[70595.28,0.0],[70493.65,0.0],[70478.45,0.0],[70477.45,0.0],[70477.44,0.0],[70477.2,0.0],[70476.49,0.0],[70476.19,0.0],[70475.57,0.0]],"_doc":"2304837c-6a91-43fd-a453-e97e1ac79277"},{"receive_time":1712791369.391,"timestamp":"2024-04-11 00:22:49","asks":[[70675.2,0.0],[70692.7,0.0283],[70693.26,0.0],[70694.94,0.001222],[70765.84,0.0],[70766.67,4.066919]],"bids":[[70665.39,0.047683],[70665.38,0.0],[70665.37,0.0],[70664.58,0.006003],[70664.46,0.0],[70662.81,0.0],[70476.49,0.000525],[70476.19,0.1387],[70475.57,0.004]],"_doc":"e6428cc0-0106-4346-b87f-30f33ce08b86"},{"receive_time":1712791369.191,"timestamp":"2024-04-11 00:22:49","asks":[[70689.49,0.016982],[70689.5,0.0283],[70698.4,0.021009],[70764.46,0.0],[70765.84,4.066937],[70828.25,0.0],[70829.07,0.0],[70830.76,0.0]],"bids":[[70664.58,0.003001],[70664.46,0.003002],[70556.2,0.0035],[70552.72,0.0],[70476.49,0.0]],"_doc":"4576aa90-7b95-48cc-8605-959a65066ab1"},{"receive_time":1712791368.99,"timestamp":"2024-04-11 00:22:48","asks":[[70674.9,0.011605],[70675.01,0.0],[70702.37,0.014771],[70764.46,4.066937],[70766.57,0.0],[70831.44,0.0]],"bids":[[70665.38,0.047683],[70665.37,0.013549],[70664.57,0.0],[70621.61,0.014771],[70614.52,0.0],[70476.19,0.0]],"_doc":"b48ecea5-86e2-4e44-bb80-9d8fddef300d"},{"receive_time":1712791368.791,"timestamp":"2024-04-11 00:22:48","asks":[[70675.01,0.011613],[70675.14,0.0],[70687.66,0.016893],[70698.23,0.0],[70702.37,0.0],[70831.44,0.001702]],"bids":[[70664.46,0.006003],[70664.44,0.0],[70572.27,0.0],[70476.49,0.000525],[70476.19,0.1387]],"_doc":"31756403-7455-4c99-850c-7ce21bb6aeb9"},{"receive_time":1712791368.59,"timestamp":"2024-04-11 00:22:48","asks":[[70675.14,0.011609],[70675.16,0.0],[70684.7,0.0],[70692.07,0.0],[70694.95,0.113203],[70698.23,0.021453],[70765.84,0.0],[70766.57,4.066935]],"bids":[[70664.57,0.050683],[70664.46,0.003001],[70664.45,0.0],[70664.44,0.003002],[70476.49,0.0]],"_doc":"3b483dc4-fc5c-47ed-b047-c050975e9530"},{"receive_time":1712791368.39,"timestamp":"2024-04-11 00:22:48","asks":[[70674.78,0.0],[70674.79,0.0],[70675.16,0.011607],[70682.33,0.01406],[70686.29,0.016988],[70687.39,0.0],[70698.07,0.0],[70706.2,0.083221],[70765.84,4.066935],[70765.85,0.0],[70830.76,0.0002]],"bids":[[70664.44,0.006003],[70661.44,0.0],[70552.72,0.0035],[70547.32,0.0],[70476.49,0.000525]],"_doc":"f49b2147-d0a6-4117-8056-1c5a8cd35016"},{"receive_time":1712791368.19,"timestamp":"2024-04-11 00:22:48","asks":[[70674.78,0.01406],[70674.79,0.036877],[70675.12,0.0],[70675.13,0.0]],"bids":[[70664.45,0.047683],[70664.44,0.009003],[70526.95,0.111368],[70498.6,0.0],[70476.49,0.0]],"_doc":"7d238430-8753-4b5a-b817-bfbf14ff9e03"},{"receive_time":1712791367.99,"timestamp":"2024-04-11 00:22:47","asks":[[70675.12,0.01406],[70675.13,0.020045],[70675.2,0.01406],[70675.46,0.0],[70675.47,0.0],[70692.06,0.0],[70692.07,0.113204],[70765.85,4.066935],[70765.86,0.0],[70830.76,0.0]],"bids":[],"_doc":"267d8a2b-19e3-4c38-b35c-9443d3e8426b"},{"receive_time":1712791367.79,"timestamp":"2024-04-11 00:22:47","asks":[[70675.46,0.01406],[70675.47,0.036507],[70675.69,0.0],[70675.7,0.0],[70684.7,0.0283],[70692.06,0.113204],[70693.26,0.001222],[70694.95,0.0],[70697.66,0.0],[70711.76,0.000824],[70765.86,4.066927],[70767.33,0.0],[70831.44,0.0],[70833.0,0.0]],"bids":[[70664.44,0.003001],[70664.43,0.0],[70664.22,0.01355],[70476.19,0.0]],"_doc":"f1eb1324-2b9c-403c-8ab5-7186391b35f7"},{"receive_time":1712791367.59,"timestamp":"2024-04-11 00:22:47","asks":[[70667.72,0.0],[70668.79,0.0],[70675.69,0.020043],[70675.7,0.01406],[70675.89,0.0],[70675.9,0.0],[70675.91,0.0],[70766.58,0.0],[70767.33,4.066907],[70830.76,0.0002],[70831.44,0.001702],[70833.0,0.611387]],"bids":[[70664.43,0.003]],"_doc":"c9987789-ec5d-4190-8bd9-bec6e683ec3a"},{"receive_time":1712791367.391,"timestamp":"2024-04-11 00:22:47","asks":[[70667.72,0.013549],[70668.79,0.013549],[70675.89,0.01406],[70675.9,0.011609],[70675.91,0.01406],[70676.19,0.0],[70682.33,0.0],[70686.29,0.016985],[70705.49,0.254734],[70766.58,4.066907],[70767.33,0.0],[70830.76,0.0],[70831.44,0.0],[70833.0,0.0],[70833.17,0.0],[70833.26,0.0]],"bids":[[70661.44,0.013582],[70475.57,0.0]],"_doc":"035f2b48-aed2-42cd-8e9a-8bde9d3f20d0"},{"receive_time":1712791367.19,"timestamp":"2024-04-11 00:22:47","asks":[[70666.63,0.0],[70676.19,0.019427],[70676.26,0.0],[70686.29,0.0],[70687.39,0.016836],[70694.95,0.113201],[70698.07,0.021695],[70767.33,4.066927],[70769.09,0.0],[70833.29,0.0]],"bids":[[70664.54,0.0],[70664.43,0.016692],[70662.81,0.013582],[70539.39,0.0],[70539.35,0.001773]],"_doc":"e88bf2c2-fca6-4ba7-b8d0-8f718c2b3ab4"},{"receive_time":1712791366.99,"timestamp":"2024-04-11 00:22:46","asks":[[70666.63,0.013581],[70675.76,0.0],[70675.77,0.0],[70676.26,0.043834],[70682.33,0.01406],[70683.1,0.0],[70686.97,0.0],[70689.54,0.0],[70689.55,0.0],[70692.08,0.083223],[70692.24,0.1387],[70692.86,0.0],[70692.87,0.0],[70694.11,0.0],[70694.93,0.0],[70697.66,0.001222],[70697.67,0.0],[70752.16,0.0],[70760.04,0.310268],[70764.46,0.0],[70769.09,4.066927],[70831.44,0.001702],[70833.0,0.611387],[70833.17,0.000775],[70833.26,0.001431],[70833.29,0.003032]],"bids":[[70664.54,0.013581],[70664.43,0.013692],[70664.01,0.0],[70664.0,0.0139],[70661.91,0.0],[70661.03,0.0],[70651.81,0.085041],[70643.55,0.0],[70641.56,0.360414],[70635.27,0.0],[70621.34,0.0],[70620.78,0.022597],[70475.57,0.004]],"_doc":"81a9c26c-e01c-4cf2-92d4-2f9db4c10c09"},{"receive_time":1712791366.79,"timestamp":"2024-04-11 00:22:46","asks":[[70675.76,0.020048],[70675.77,0.01406],[70676.06,0.0],[70677.62,0.0],[70677.63,0.0],[70686.29,0.016985],[70686.68,0.0],[70692.08,0.0],[70692.86,0.113205],[70762.0,0.0],[70764.46,4.066927],[70829.07,0.016],[70830.76,0.0002]],"bids":[[70664.01,0.047683],[70662.97,0.0],[70661.91,0.013693],[70602.67,0.154178],[70586.72,0.0],[70475.57,0.0]],"_doc":"e522f403-a659-4f04-a97c-6eae2a03dd2c"},{"receive_time":1712791366.591,"timestamp":"2024-04-11 00:22:46","asks":[[70692.08,0.113205]],"bids":[[70662.97,0.013693],[70660.15,0.0]],"_doc":"498fa52c-af40-4599-952c-673f4d2600cd"},{"receive_time":1712791366.39,"timestamp":"2024-04-11 00:22:46","asks":[[70676.06,0.01406],[70676.22,0.0],[70676.23,0.0],[70677.62,0.012688],[70686.29,0.081105],[70686.68,0.1387],[70703.27,0.0],[70703.98,0.0],[70705.5,0.424547],[70706.2,0.0],[70715.48,0.051027],[70738.1,0.084865],[70829.07,0.0]],"bids":[[70662.53,0.0],[70661.03,0.013693],[70660.15,0.013693],[70546.99,0.0],[70498.6,0.108027],[70475.07,0.0]],"_doc":"5c662377-6e9b-4ebe-9e27-94c70fecffe4"},{"receive_time":1712791366.191,"timestamp":"2024-04-11 00:22:46","asks":[[70692.08,0.113204],[70692.86,0.0],[70715.43,0.0],[70715.44,0.0],[70726.65,0.094146],[70762.0,4.067049]],"bids":[[70663.06,0.0],[70662.53,0.013693],[70662.17,0.0],[70475.07,0.004]],"_doc":"6ac2cb99-79aa-40d8-84bf-48187336044d"},{"receive_time":1712791365.99,"timestamp":"2024-04-11 00:22:45","asks":[[70673.79,0.0],[70676.22,0.01406],[70676.23,0.015856],[70676.3,0.0],[70694.93,0.032806],[70715.43,0.089436],[70715.45,0.0],[70761.99,0.0]],"bids":[[70664.0,0.0169],[70663.9,0.0283],[70662.3,0.0283],[70662.17,0.013693],[70660.16,0.0],[70651.1,0.0],[70649.5,0.0],[70588.31,0.0],[70547.32,0.0035],[70546.65,0.0]],"_doc":"4d0a7c57-ca62-472c-a4bb-80c9c4ddf9f4"},{"receive_time":1712791365.79,"timestamp":"2024-04-11 00:22:45","asks":[[70673.79,0.028288],[70673.93,0.0],[70674.22,0.0],[70674.23,0.0],[70676.3,0.01406],[70692.86,0.113204],[70694.94,0.0],[70700.0,0.052242],[70703.63,0.0],[70761.99,4.06704],[70762.7,0.0],[70829.07,0.016]],"bids":[[70663.06,0.013693],[70661.74,0.0],[70654.61,0.048548],[70650.97,0.0]],"_doc":"569119a2-7def-4a8e-ac9e-2d0bb030219c"},{"receive_time":1712791365.59,"timestamp":"2024-04-11 00:22:45","asks":[[70673.93,0.01406],[70674.22,0.06226],[70674.23,0.134738],[70674.25,0.0],[70674.37,0.0],[70677.63,0.01406],[70686.29,0.016985],[70692.86,0.0],[70694.94,0.113203],[70761.99,0.0],[70762.7,4.06704],[70829.07,0.0],[70830.76,0.0],[70831.44,0.0]],"bids":[[70661.74,0.003],[70546.99,0.101966],[70544.63,0.0]],"_doc":"2a978389-a604-4c02-ba0a-9bc5540deffe"},{"receive_time":1712791365.39,"timestamp":"2024-04-11 00:22:45","asks":[[70666.6,0.0],[70667.67,0.0],[70674.25,0.02738],[70674.37,0.01406],[70674.58,0.0],[70674.59,0.0],[70683.1,0.0283],[70692.86,0.113204],[70694.93,0.0],[70705.06,0.0],[70715.44,0.053857],[70761.99,4.067065],[70762.66,0.0],[70776.62,0.007308],[70777.86,0.0],[70831.44,0.001702]],"bids":[[70661.74,0.013693],[70475.07,0.0]],"_doc":"b8bd2dc0-ce00-4d96-9147-db01bca42885"},{"receive_time":1712791365.191,"timestamp":"2024-04-11 00:22:45","asks":[[70666.6,0.013692],[70667.67,0.013692],[70674.58,0.016873],[70674.59,0.01406],[70677.62,0.0],[70677.63,0.0],[70679.99,0.01406],[70682.33,0.0],[70682.34,0.051034],[70686.29,0.0],[70694.93,0.113203],[70694.94,0.0],[70694.95,0.0],[70715.46,0.0],[70762.66,4.067064],[70762.67,0.0],[70830.76,0.0002]],"bids":[[70660.71,0.0],[70660.31,0.0],[70660.3,0.0],[70588.31,0.141761],[70546.65,0.0035],[70543.84,0.0],[70539.39,0.001773],[70539.35,0.0],[70475.57,0.004],[70475.07,0.004]],"_doc":"085b7cff-2610-493b-b115-c23222dda6c8"},{"receive_time":1712791364.99,"timestamp":"2024-04-11 00:22:44","asks":[[70675.01,0.0],[70675.02,0.0],[70675.03,0.0],[70675.19,0.0],[70677.62,0.01269],[70682.33,0.01406],[70682.34,0.051025],[70684.44,0.0],[70686.29,0.016981],[70694.94,0.067923],[70715.45,0.089759],[70715.47,0.0],[70762.67,4.067064],[70765.86,0.0]],"bids":[[70660.71,0.047683],[70660.7,0.0283],[70660.31,0.047683],[70660.3,0.013693],[70647.9,0.0],[70475.57,0.0],[70475.07,0.0],[70473.61,0.0]],"_doc":"ff14165c-17d3-4b95-9aa8-7a90e82cbaaa"},{"receive_time":1712791364.79,"timestamp":"2024-04-11 00:22:44","asks":[[70675.01,0.01406],[70675.02,0.091439],[70675.03,0.134738],[70675.19,0.095369],[70675.23,0.0],[70675.36,0.0],[70675.37,0.0],[70675.38,0.0],[70682.4,0.0],[70684.44,0.047433],[70686.97,0.016906],[70689.27,0.005],[70689.54,0.085205],[70689.55,0.142],[70691.27,0.005],[70692.07,0.0],[70693.27,0.005],[70694.94,0.0],[70694.95,0.113201],[70697.67,0.021206],[70763.9,0.0],[70765.86,4.067033],[70775.25,0.0],[70777.86,0.007308],[70830.76,0.0],[70831.44,0.0],[70833.0,0.0],[70833.17,0.0],[70833.26,0.0]],"bids":[[70660.16,0.013673],[70660.01,0.0],[70659.57,0.0],[70654.7,0.0],[70650.35,0.03411],[70649.91,0.142],[70642.52,0.0],[70630.56,0.142],[70628.75,0.164725],[70628.01,0.0],[70572.27,0.001944],[70473.51,0.0]],"_doc":"dbe3c54c-2fe3-48a2-b2dc-c95ae33b7e3b"},{"receive_time":1712791364.59,"timestamp":"2024-04-11 00:22:44","asks":[[70663.89,0.0],[70675.23,0.01367],[70675.36,0.117927],[70675.37,0.134738],[70675.38,0.095369],[70675.73,0.0],[70675.74,0.0],[70675.9,0.0],[70678.29,0.0],[70678.3,0.0],[70679.9,0.0],[70681.22,0.0],[70681.5,0.0],[70683.1,0.0],[70684.44,0.047429],[70684.7,0.0],[70686.01,0.0],[70686.02,0.0],[70686.84,0.0],[70687.57,0.0],[70689.57,0.0],[70691.56,0.0],[70691.57,0.0],[70692.07,0.083227],[70692.08,0.0],[70694.11,0.001222],[70694.94,0.113204],[70694.95,0.0],[70696.79,0.0],[70701.11,0.0],[70701.12,0.0],[70758.78,0.0],[70763.9,4.067033],[70769.09,0.0],[70775.25,0.007308],[70823.48,0.00186],[70824.56,0.000225],[70824.66,0.000971],[70826.63,0.004],[70826.66,0.1387],[70827.35,0.00862],[70827.54,0.000207],[70828.1,0.000775],[70828.25,1.673716],[70829.07,0.016],[70830.76,0.0002],[70831.44,0.001702],[70833.0,0.611387],[70833.17,0.000775],[70833.26,0.001431]],"bids":[[70660.01,0.047683],[70660.0,0.0139],[70659.57,0.438033],[70656.76,0.0],[70654.7,0.1387],[70569.53,0.313191],[70546.13,0.0],[70543.84,0.0035],[70539.38,0.0],[70472.72,0.0],[70471.36,0.0]],"_doc":"1c978b42-ec0c-4ecc-af54-a25dfc7bce32"},{"receive_time":1712791364.39,"timestamp":"2024-04-11 00:22:44","asks":[[70663.89,0.013673],[70671.71,0.0],[70671.82,0.0],[70675.73,0.028242],[70675.74,0.01406],[70675.9,0.01406],[70676.26,0.0],[70676.27,0.0],[70676.28,0.0],[70677.63,0.01406],[70677.64,0.007075],[70678.28,0.0],[70678.29,0.016989],[70715.46,0.055552],[70758.78,4.067164],[70760.44,0.0],[70823.48,0.0]],"bids":[[70660.0,0.0169],[70659.6,0.0],[70658.82,0.0],[70658.72,0.007075],[70656.76,0.013674]],"_doc":"2773e4fc-a4b5-402d-be93-74f79a6494e4"},{"receive_time":1712791364.19,"timestamp":"2024-04-11 00:22:44","asks":[[70669.78,0.0],[70669.79,0.0],[70669.9,0.0],[70671.71,0.027342],[70671.8,0.0],[70671.81,0.0],[70676.26,0.01406],[70676.27,0.011606],[70676.28,0.01406],[70678.28,0.01406],[70678.29,0.016988],[70758.15,0.0],[70760.44,4.067452]],"bids":[[70660.0,0.0139],[70659.6,0.047683],[70659.1,0.0283],[70658.82,0.013674],[70658.72,0.0],[70658.42,0.0],[70657.55,0.0],[70470.22,0.0]],"_doc":"ad86963b-54a0-4f3c-9e40-2ee2cd7879fc"},{"receive_time":1712791363.99,"timestamp":"2024-04-11 00:22:43","asks":[[70669.78,0.01406],[70669.79,0.013672],[70669.9,0.01406],[70670.13,0.0],[70671.8,0.08102],[70671.81,0.134738],[70675.47,0.0],[70675.48,0.0],[70678.28,0.018631],[70678.29,0.0],[70757.53,0.0],[70758.15,4.067452],[70824.56,0.0],[70824.66,0.0]],"bids":[[70658.72,0.003],[70658.42,0.013674],[70650.34,0.016933],[70648.12,0.1387],[70469.54,0.0],[70469.07,0.0],[70468.75,0.0]],"_doc":"6dfaab74-6c66-4369-a394-0a6ced153604"},{"receive_time":1712791363.79,"timestamp":"2024-04-11 00:22:43","asks":[[70662.98,0.0],[70675.47,0.01406],[70675.48,0.011609],[70675.57,0.0],[70675.58,0.0],[70676.7,0.0],[70678.29,0.016986],[70679.87,0.0],[70757.53,4.067452],[70758.78,0.0],[70824.56,0.000225],[70824.66,0.000971]],"bids":[[70658.72,0.013674],[70656.61,0.0],[70539.38,0.0035],[70538.75,0.0],[70468.75,0.001702]],"_doc":"086ce831-8dc1-4f8e-a008-d46a8e829cfd"},{"receive_time":1712791363.59,"timestamp":"2024-04-11 00:22:43","asks":[[70675.57,0.01406],[70675.58,0.028593],[70675.67,0.0],[70675.68,0.0],[70757.53,0.0],[70758.78,4.067529]],"bids":[],"_doc":"c508396e-d8d8-4422-889c-f6c32b23c898"},{"receive_time":1712791363.39,"timestamp":"2024-04-11 00:22:43","asks":[[70664.77,0.0],[70675.67,0.01406],[70675.68,0.028588],[70675.77,0.0],[70675.78,0.0],[70823.48,0.00186]],"bids":[[70658.72,0.016674],[70657.55,0.013674],[70647.08,0.0]],"_doc":"8e65bf94-f845-49e9-ab15-ab8c9f39f151"},{"receive_time":1712791363.19,"timestamp":"2024-04-11 00:22:43","asks":[[70675.77,0.01406],[70675.78,0.028592],[70675.87,0.0],[70675.88,0.0],[70706.2,0.083229],[70823.48,0.0]],"bids":[],"_doc":"f58cf155-413b-4769-b18b-7aad8291aa66"},{"receive_time":1712791362.99,"timestamp":"2024-04-11 00:22:42","asks":[[70675.87,0.01406],[70675.88,0.028587],[70675.97,0.0],[70675.98,0.0],[70715.48,0.0],[70823.48,0.00186]],"bids":[[70658.72,0.013674],[70657.5,0.0283],[70635.27,0.162206],[70633.51,0.0],[70468.75,0.0]],"_doc":"407a6f9c-16cf-414a-bb64-9393eeefa34b"},{"receive_time":1712791362.79,"timestamp":"2024-04-11 00:22:42","asks":[[70664.77,0.013672],[70675.97,0.01406],[70675.98,0.028591],[70676.07,0.0],[70676.08,0.0],[70715.47,0.09258],[70722.15,0.0],[70726.71,0.0],[70748.28,0.0],[70757.53,4.067529],[70758.78,0.0],[70822.77,0.000628]],"bids":[[70657.68,0.0],[70657.5,0.0313],[70647.08,0.1387],[70580.19,0.0],[70544.63,0.102671],[70536.97,0.0]],"_doc":"156d6c60-58b0-449d-b318-e1c8408e6b69"},{"receive_time":1712791362.591,"timestamp":"2024-04-11 00:22:42","asks":[[70661.32,0.0],[70662.98,5.7e-05],[70676.07,0.01406],[70676.08,0.028586],[70676.17,0.0],[70676.18,0.0],[70726.71,0.0047],[70748.28,0.0047],[70757.53,0.0],[70758.78,4.067529],[70822.77,0.0]],"bids":[[70655.47,0.0],[70540.32,0.0],[70538.75,0.0035],[70468.75,0.001702]],"_doc":"68feb373-9a35-4d4c-828f-f74d6e31e2be"},{"receive_time":1712791362.391,"timestamp":"2024-04-11 00:22:42","asks":[[70676.17,0.01406],[70676.18,0.028591],[70676.27,0.0],[70676.28,0.0]],"bids":[[70656.61,0.013674],[70656.03,0.0]],"_doc":"abb2749f-7a2a-4800-a2d5-0e59fa145602"},{"receive_time":1712791362.191,"timestamp":"2024-04-11 00:22:42","asks":[[70659.19,0.0],[70661.32,0.013673],[70676.27,0.01406],[70676.28,0.028586],[70676.29,0.0],[70676.69,0.0],[70677.21,0.0],[70822.77,0.000628]],"bids":[[70657.68,0.013674],[70656.03,0.003],[70468.75,0.0],[70466.63,0.0]],"_doc":"72d4bd43-4c30-46bb-b82c-9f9bc0da26d8"},{"receive_time":1712791361.99,"timestamp":"2024-04-11 00:22:41","asks":[[70661.56,0.0],[70670.13,0.01406],[70670.17,0.0],[70670.18,0.0],[70670.24,0.0],[70777.72,0.000824],[70821.84,0.438033],[70822.27,0.012]],"bids":[[70650.97,0.054443],[70466.61,0.0]],"_doc":"4404d4bf-3110-466a-a3f8-6a39f27eb814"},{"receive_time":1712791361.79,"timestamp":"2024-04-11 00:22:41","asks":[[70659.18,0.0],[70661.56,0.013657],[70662.98,0.013657],[70663.52,0.0],[70670.17,0.01406],[70670.18,0.014445],[70670.25,0.0],[70675.58,0.0],[70676.29,0.01406],[70676.69,0.100205],[70703.63,0.047169],[70706.2,0.0],[70713.59,0.0],[70821.84,0.0]],"bids":[[70656.12,0.0],[70540.86,0.0],[70540.32,0.0035],[70466.61,0.00188]],"_doc":"9afc3d31-7737-48d8-9330-5684fe7d9a05"},{"receive_time":1712791361.59,"timestamp":"2024-04-11 00:22:41","asks":[[70659.18,0.01406],[70659.19,0.003],[70661.31,0.0],[70663.52,0.01406],[70663.53,0.0],[70670.24,0.01],[70675.58,0.028587],[70675.68,0.0],[70675.69,0.0],[70677.21,0.1387],[70703.27,0.254736],[70703.98,0.424554],[70705.06,0.000824],[70705.79,0.0],[70706.59,0.0],[70752.16,0.312019],[70775.75,0.0],[70822.27,0.0],[70822.77,0.0],[70823.48,0.0]],"bids":[[70658.48,0.0],[70657.87,0.0],[70657.5,0.0],[70657.27,0.0],[70656.12,0.013658],[70469.07,0.024],[70468.75,0.001702],[70466.63,0.004]],"_doc":"6701a0dd-e03a-4acd-8238-d02b33261564"},{"receive_time":1712791361.39,"timestamp":"2024-04-11 00:22:41","asks":[[70675.68,0.028592],[70675.69,0.01406],[70675.78,0.0],[70675.79,0.0]],"bids":[[70658.48,0.049057],[70654.78,0.0],[70469.54,0.000208]],"_doc":"6887a2a7-5583-4494-94b1-90e5d6cb4c20"},{"receive_time":1712791361.19,"timestamp":"2024-04-11 00:22:41","asks":[[70661.31,0.013657],[70662.46,0.0],[70675.78,0.028587],[70675.79,0.01406],[70675.83,0.0],[70675.84,0.0],[70675.85,0.0],[70823.48,0.00186]],"bids":[[70655.47,0.013658],[70540.86,0.0035],[70536.37,0.0],[70469.54,0.0]],"_doc":"8ca7db41-fc0f-4eea-89bc-a056dfc6ef64"},{"receive_time":1712791360.99,"timestamp":"2024-04-11 00:22:40","asks":[[70670.25,0.01406],[70670.26,0.0],[70670.27,0.0],[70675.83,0.01406],[70675.84,0.034584],[70675.85,0.01],[70675.87,0.0],[70678.29,0.0],[70679.87,0.016989],[70679.88,0.0]],"bids":[],"_doc":"b6235cea-07b5-487f-82f4-f62bd2642b44"},{"receive_time":1712791360.79,"timestamp":"2024-04-11 00:22:40","asks":[[70661.38,0.0],[70662.46,0.013547],[70663.53,0.013547],[70670.26,0.021587],[70670.27,0.01406],[70670.29,0.0],[70675.87,0.01406],[70675.89,0.0],[70675.9,0.0],[70678.29,0.016986],[70679.88,0.01406],[70679.89,0.0],[70681.07,0.0],[70738.11,0.141431],[70823.48,0.0],[70824.56,0.0]],"bids":[[70658.24,0.0],[70591.03,0.0],[70580.19,0.001945],[70469.54,0.000208]],"_doc":"32918649-02a4-4a8f-a7e8-2f31262a9cbf"},{"receive_time":1712791360.59,"timestamp":"2024-04-11 00:22:40","asks":[[70661.38,0.013547],[70670.29,0.01406],[70670.45,0.0],[70670.46,0.0],[70675.89,0.01406],[70675.9,0.028587],[70675.93,0.0],[70824.66,0.0]],"bids":[[70658.24,0.013548],[70469.54,0.0]],"_doc":"0a960db2-0eb3-474f-bd92-2072e659a9d1"},{"receive_time":1712791360.391,"timestamp":"2024-04-11 00:22:40","asks":[[70662.42,0.0],[70663.25,0.0],[70670.45,0.01406],[70670.46,0.259348],[70670.6,0.0],[70675.93,0.01406],[70675.98,0.0],[70675.99,0.0],[70679.89,0.083226],[70681.07,0.1387],[70756.31,0.0],[70824.56,0.000225],[70824.66,0.000971]],"bids":[[70658.48,0.003],[70657.87,0.013548],[70657.27,0.013548],[70656.95,0.0],[70538.81,0.0],[70536.37,0.0035],[70469.07,0.0]],"_doc":"31d2fc76-46ee-4fb2-84af-69fc99f076e4"},{"receive_time":1712791360.19,"timestamp":"2024-04-11 00:22:40","asks":[[70661.41,0.0],[70675.98,0.028584],[70676.0,0.0],[70676.03,0.0],[70679.89,0.016987],[70680.3,0.0],[70757.53,4.067586],[70757.54,0.0],[70822.27,0.012],[70822.77,0.000628],[70823.48,0.00186]],"bids":[[70657.5,0.0283],[70468.75,0.0]],"_doc":"5b4c439f-c253-4457-8ed5-5e51725b47bd"},{"receive_time":1712791359.991,"timestamp":"2024-04-11 00:22:39","asks":[[70661.03,0.0],[70661.41,0.013547],[70675.99,0.01406],[70676.0,0.034593],[70676.03,0.01],[70676.08,0.0],[70676.09,0.0],[70822.27,0.0]],"bids":[[70658.48,0.016548],[70656.95,0.013548],[70466.63,0.0],[70466.61,0.0]],"_doc":"c90ffb50-86ca-4b7a-b11c-436b365758d5"},{"receive_time":1712791359.79,"timestamp":"2024-04-11 00:22:39","asks":[[70659.1,0.0],[70661.03,0.013547],[70676.08,0.01406],[70676.09,0.028586],[70676.18,0.0],[70676.19,0.0]],"bids":[[70655.81,0.0],[70540.26,0.0],[70538.81,0.0035],[70466.61,0.00188]],"_doc":"7bf2cb1e-5e12-4874-be44-f869eb148243"},{"receive_time":1712791359.591,"timestamp":"2024-04-11 00:22:39","asks":[[70661.31,0.0],[70662.42,0.013547],[70676.18,0.01406],[70676.19,0.028591],[70676.26,0.0],[70676.27,0.0],[70713.59,0.051434],[70718.15,0.0]],"bids":[],"_doc":"54b85629-f439-41c3-b54e-e2cff220054b"},{"receive_time":1712791359.39,"timestamp":"2024-04-11 00:22:39","asks":[[70660.74,0.0],[70663.04,0.0],[70663.25,0.013547],[70670.61,0.0],[70670.62,0.0],[70674.61,0.0],[70676.26,0.01406],[70676.27,0.028587],[70676.69,0.0],[70722.15,0.097221],[70730.79,0.0],[70756.85,0.0],[70757.54,4.067459],[70821.75,0.001778],[70821.84,0.438033],[70822.27,0.012]],"bids":[[70655.81,0.013548],[70655.58,0.0],[70654.88,0.0],[70466.63,0.004]],"_doc":"bab9b0fc-98e2-4b08-85e3-712453c74c82"},{"receive_time":1712791359.191,"timestamp":"2024-04-11 00:22:39","asks":[[70659.1,0.003],[70660.74,0.013547],[70661.31,0.013547],[70662.37,0.0],[70670.6,0.01406],[70670.61,0.012682],[70670.62,0.01406],[70670.69,0.0],[70670.7,0.0],[70679.89,0.081098],[70680.3,0.1387],[70723.81,0.0],[70730.79,0.099196],[70756.85,4.067459],[70758.15,0.0],[70821.75,0.0],[70821.84,0.0],[70822.27,0.0],[70822.77,0.0]],"bids":[[70658.39,0.0],[70658.12,0.0],[70657.5,0.0],[70657.12,0.0],[70654.88,0.013548],[70469.54,0.000208],[70469.07,0.024],[70468.75,0.001702]],"_doc":"31a5e0e5-44bf-4e20-b5ea-8af9a871c98b"},{"receive_time":1712791358.991,"timestamp":"2024-04-11 00:22:38","asks":[[70662.37,0.013547],[70670.69,0.021121],[70670.7,0.01406],[70670.79,0.0],[70670.8,0.0],[70758.15,4.067459],[70758.16,0.0],[70823.48,0.0]],"bids":[[70540.86,0.0],[70540.26,0.0035]],"_doc":"33f9c6b7-1a48-4141-a708-b350f9a32741"},{"receive_time":1712791358.79,"timestamp":"2024-04-11 00:22:38","asks":[[70661.51,0.0],[70662.43,0.0],[70670.79,0.012688],[70670.8,0.01406],[70670.89,0.0],[70670.9,0.0],[70702.36,0.0],[70702.37,0.014771],[70757.54,0.0],[70758.16,4.067459],[70822.77,0.000628],[70823.48,0.00186]],"bids":[[70614.52,0.014771],[70605.25,0.0],[70586.67,0.0],[70470.22,0.1387]],"_doc":"6f22d052-6a06-4ec1-87a1-541d58dbfdba"},{"receive_time":1712791358.591,"timestamp":"2024-04-11 00:22:38","asks":[[70660.64,0.0],[70662.43,0.013547],[70670.89,0.021126],[70670.9,0.01406],[70670.99,0.0],[70671.0,0.0],[70671.02,0.0],[70694.12,0.002381],[70757.54,4.067503],[70758.78,0.0]],"bids":[[70658.12,0.013548],[70654.78,0.047248],[70544.62,0.002381],[70470.22,0.0],[70469.54,0.0]],"_doc":"3dc5e692-e59f-4dfa-8d51-78ad078be97e"},{"receive_time":1712791358.391,"timestamp":"2024-04-11 00:22:38","asks":[[70660.64,0.013547],[70664.12,0.0],[70670.99,0.02112],[70671.0,0.01406],[70671.02,0.01406],[70671.09,0.0],[70671.1,0.0],[70758.16,0.0],[70758.78,4.067503],[70822.77,0.0]],"bids":[[70658.39,0.003],[70654.78,0.060796]],"_doc":"0b4e3644-4ed1-48aa-a42e-eabf516f2719"},{"receive_time":1712791358.19,"timestamp":"2024-04-11 00:22:38","asks":[[70671.09,0.012688],[70671.1,0.01406],[70671.11,0.0],[70694.12,0.0],[70757.54,0.0],[70758.16,4.067503],[70822.77,0.000628]],"bids":[[70654.78,0.047248],[70650.69,0.0],[70544.62,0.0],[70469.54,0.000208]],"_doc":"3056b3af-5c83-4dd9-a561-e76e4402fb9c"},{"receive_time":1712791357.99,"timestamp":"2024-04-11 00:22:37","asks":[[70757.54,4.067503],[70758.16,0.0]],"bids":[],"_doc":"636d2a60-9931-4204-b4a3-96bda9c2a4dd"},{"receive_time":1712791357.79,"timestamp":"2024-04-11 00:22:37","asks":[[70661.51,0.013547],[70661.97,0.0],[70663.04,0.013547],[70664.12,0.013547],[70671.1,0.056871],[70671.11,0.230107],[70671.16,0.0],[70671.17,0.0],[70718.15,0.054711],[70721.86,0.0],[70758.16,4.06748],[70759.31,0.0],[70822.77,0.0],[70823.48,0.0]],"bids":[[70658.74,0.0],[70658.39,0.016548],[70655.58,0.013548],[70540.86,0.0035],[70538.76,0.0]],"_doc":"b86a4600-4519-4a03-90d4-84392b8ab3e3"},{"receive_time":1712791357.59,"timestamp":"2024-04-11 00:22:37","asks":[[70661.97,0.013547],[70671.16,0.01406],[70671.17,0.012683],[70671.82,0.007076],[70674.61,0.01406],[70676.31,0.00528],[70676.69,0.016985],[70676.7,0.0283],[70678.3,0.0283],[70679.89,0.016987],[70679.9,0.0283],[70680.0,0.0002],[70681.22,0.083225],[70681.5,0.0283],[70682.08,0.000207],[70682.35,0.085041],[70682.4,0.142],[70683.1,0.0283],[70684.02,0.000707],[70684.45,0.079049],[70684.7,0.0283],[70686.01,0.083225],[70686.02,0.01724],[70686.3,0.0283],[70686.8,0.00021],[70686.84,0.1387],[70687.44,0.00511],[70687.45,0.00057],[70687.5,0.00295],[70687.57,0.005],[70689.57,0.005],[70690.62,0.0002],[70691.56,0.001222],[70691.57,0.005],[70692.08,0.113211],[70692.09,0.038117],[70692.1,0.000207],[70692.87,0.1387],[70694.12,0.002381],[70694.95,0.032809],[70694.96,0.054676],[70695.1,0.007],[70696.79,0.02075],[70698.6,0.08322],[70698.61,0.1387],[70701.11,0.085201],[70701.12,0.142],[70702.12,0.000207],[70702.36,0.014771],[70703.28,0.021225],[70705.67,0.003233],[70705.79,0.11903],[70705.8,0.198382],[70706.13,0.0002],[70706.2,0.25476],[70706.21,0.1387],[70706.59,0.424591],[70710.64,0.0002],[70710.73,0.001928],[70711.14,0.042453],[70711.2,0.00045],[70711.33,0.00378],[70711.36,0.00055],[70711.4,0.00027],[70712.14,0.000207],[70712.49,0.083227],[70712.5,0.012],[70712.87,0.1387],[70714.01,0.033939],[70715.48,0.051033],[70715.49,0.085041],[70718.49,0.15273],[70718.5,0.1387],[70719.46,0.25454],[70721.86,0.053449],[70722.16,0.000207],[70722.47,0.00505],[70722.48,0.00358],[70723.81,0.104274],[70723.82,0.004],[70724.63,0.600007],[70724.64,0.1387],[70725.68,1.0],[70725.76,0.000353],[70725.93,0.147895],[70726.66,0.000259],[70730.66,0.0002],[70730.8,0.1387],[70731.54,0.004],[70731.68,0.262823],[70731.69,0.438033],[70732.3,0.389144],[70736.08,0.085207],[70736.09,0.01877],[70736.4,0.142],[70736.8,0.1387],[70739.74,0.000207],[70743.88,1.015533],[70743.89,0.1387],[70743.95,0.000707],[70744.13,1.692543],[70744.6,0.0002],[70745.13,0.001928],[70746.2,0.0052],[70749.41,0.023551],[70749.72,0.438033],[70749.76,0.000207],[70750.0,1.382376],[70750.58,0.1387],[70750.68,0.0002],[70751.3,1.689405],[70756.23,0.0002],[70756.29,0.1387],[70756.31,0.141241],[70757.3,0.00059],[70757.41,0.00787],[70759.31,4.067237],[70759.78,0.000207],[70760.0,0.0002],[70760.84,0.003359],[70764.0,0.00021],[70764.64,0.001028],[70764.99,0.001411],[70766.59,0.1387],[70767.75,0.438033],[70769.09,0.007309],[70769.12,0.001199],[70769.8,0.000207],[70770.7,0.0002],[70772.88,0.004],[70773.7,0.611387],[70775.75,0.274528],[70776.63,0.001928],[70777.17,0.1387],[70777.62,0.000958],[70777.87,0.000912],[70779.82,0.000207],[70781.36,0.00144],[70781.43,0.00384],[70782.3,0.000716],[70783.05,0.509081],[70783.54,0.0046],[70783.93,0.1387],[70785.78,0.438033],[70788.93,0.004],[70789.34,0.1387],[70789.84,0.000207],[70790.72,0.0002],[70790.85,0.001653],[70791.44,0.001469],[70792.56,1.683189],[70792.66,0.0031],[70792.67,0.00412],[70792.72,0.0014],[70794.6,0.611387],[70794.75,0.0002],[70795.31,0.1387],[70796.69,0.000353],[70797.9,0.000264],[70799.0,0.004],[70799.68,0.000739],[70799.75,1.681576],[70799.86,0.000207],[70800.0,0.005985],[70800.04,0.004],[70800.65,0.1387],[70801.87,0.004],[70802.64,0.00065],[70803.81,0.438033],[70804.94,0.004],[70805.96,0.1387],[70806.33,0.0002],[70806.44,0.000446],[70807.28,0.0002],[70807.6,0.000807],[70808.3,0.004],[70809.44,0.004],[70809.5,0.004],[70810.55,0.002418],[70810.74,0.0002],[70812.05,0.000459],[70812.82,0.1387],[70813.75,0.009579],[70814.91,0.00054],[70815.68,0.000377],[70815.73,0.004],[70816.33,0.00527],[70817.53,0.000207],[70817.88,0.008],[70818.0,0.000776],[70818.15,0.000734],[70818.58,0.000354],[70819.95,0.000974],[70821.0,0.001475],[70821.08,0.1387],[70821.75,0.001778],[70821.84,0.438033],[70822.27,0.012],[70822.77,0.000628],[70823.48,0.00186]],"bids":[[70658.74,0.013548],[70658.39,0.013548],[70657.5,0.0283],[70657.12,0.013473],[70656.0,0.0139],[70655.9,0.0283],[70654.3,0.0283],[70652.7,0.0283],[70652.0,0.0147],[70651.1,0.0283],[70650.69,0.048972],[70649.5,0.0283],[70648.0,0.0147],[70647.9,0.0283],[70644.0,0.0147],[70643.55,0.085041],[70643.21,0.424562],[70642.52,0.142],[70642.33,0.016987],[70641.55,0.023957],[70641.54,0.438033],[70640.41,0.1387],[70640.0,0.0147],[70637.82,0.003233],[70636.0,0.0147],[70635.26,0.071961],[70635.1,0.198382],[70633.51,0.08322],[70633.5,0.021196],[70632.63,0.1387],[70632.0,0.0147],[70628.74,0.274537],[70628.01,0.083226],[70628.0,0.0147],[70627.99,0.021227],[70627.63,0.055207],[70627.1,0.1387],[70624.0,0.0147],[70623.52,0.262823],[70623.51,0.438033],[70622.51,0.021128],[70621.34,0.085041],[70620.01,0.105135],[70619.98,0.1387],[70619.05,0.021815],[70617.41,0.00032],[70617.36,0.00788],[70612.92,0.083223],[70612.91,0.1387],[70608.88,0.233486],[70608.87,0.042458],[70608.6,0.389144],[70606.26,0.00512],[70606.15,0.262824],[70606.1,0.1387],[70605.48,0.438033],[70605.25,0.014771],[70601.04,0.017176],[70600.37,0.1387],[70600.14,0.033994],[70596.79,0.905287],[70596.78,1.724278],[70595.28,0.142],[70594.45,0.000207],[70594.11,0.1387],[70592.62,0.673346],[70592.32,1.132874],[70591.03,0.001944],[70588.15,0.1387],[70587.45,0.438033],[70586.72,0.148187],[70586.67,0.001667],[70584.43,0.000207],[70584.12,0.000354],[70582.44,0.00864],[70582.1,0.611387],[70579.38,0.1387],[70574.49,0.001413],[70572.11,0.083222],[70572.1,0.1387],[70567.02,0.000207],[70566.8,0.1387],[70564.51,1.14149],[70564.4,0.611387],[70562.79,1.034454],[70562.78,1.724083],[70562.06,0.006],[70561.31,0.1387],[70558.67,1.730996],[70557.0,0.000207],[70553.52,0.1387],[70550.71,1.730565],[70548.1,0.1387],[70547.5,0.00464],[70547.45,0.00352],[70547.43,0.00034],[70546.98,0.000207],[70546.13,0.270669],[70544.62,0.002381],[70541.46,0.1387],[70540.0,0.0002],[70539.35,0.001773],[70539.34,1.144543],[70538.76,0.0035],[70536.97,0.113641],[70536.96,0.000207],[70536.42,0.00021],[70536.26,0.00134],[70536.24,0.00063],[70536.19,0.00302],[70532.67,0.00021],[70530.96,0.1387],[70526.94,0.000207],[70525.44,4.2e-05],[70525.0,0.003476],[70523.95,0.00134],[70522.84,0.1387],[70520.0,0.001939],[70518.18,1.740225],[70517.41,0.1387],[70516.93,0.000207],[70515.91,1.14313],[70515.8,0.000939],[70515.0,0.0002],[70513.5,0.004],[70513.41,0.000354],[70512.48,0.00617],[70512.45,0.00243],[70511.14,0.009558],[70511.1,0.013744],[70511.08,0.1387],[70510.93,0.004],[70510.18,0.012889],[70509.4,0.000741],[70509.34,0.004],[70509.16,0.004],[70509.15,1.0],[70508.59,0.004],[70506.91,0.000207],[70506.0,0.008],[70505.11,0.004],[70504.95,0.004],[70503.51,0.004],[70502.74,0.00026],[70502.67,0.000265],[70502.22,0.1387],[70501.5,0.000866],[70501.31,0.00353],[70501.23,0.00176],[70500.0,0.068975],[70499.97,0.009141],[70499.96,0.00487],[70499.94,0.000918],[70499.93,0.000662],[70499.88,0.001321],[70499.5,0.008],[70497.85,0.004],[70497.26,0.004],[70496.2,0.009562],[70495.3,0.004],[70494.39,0.1387],[70494.0,0.0002],[70493.65,1.14455],[70492.76,0.004],[70492.24,0.00114],[70491.01,0.004],[70490.5,0.008],[70490.0,0.008],[70489.58,0.000208],[70489.08,0.1387],[70488.5,0.004],[70487.7,0.000952],[70485.68,0.001187],[70483.26,0.004],[70483.21,0.002043],[70483.0,0.0002],[70482.1,0.000988],[70482.02,0.1387],[70480.86,0.004338],[70480.66,0.004],[70480.4,0.000614],[70480.0,0.000781],[70479.56,0.000208],[70479.43,0.001415],[70479.31,0.004],[70478.71,0.004],[70478.66,0.686791],[70478.45,0.004],[70477.45,0.00865],[70477.44,0.001589],[70477.2,0.611387],[70476.49,0.000525],[70476.19,0.1387],[70475.57,0.004],[70475.07,0.004],[70473.61,0.000817],[70473.51,0.004],[70472.72,0.012729],[70471.36,0.004],[70470.22,0.1387]],"_doc":"61b625b0-0bc8-4054-9cbd-04b47ae5c04d"}]