[{"trades":[[{"side":"buy","price":70673.0,"quantity":0.004103405826836274,"timestamp":"2024-04-11 00:22:58"}]],"liquidations":[],"receive_time":1712791378.807,"_doc":"87682581-38b4-4ed4-9c68-413ad0932c28"},{"trades":[[{"side":"buy","price":70673.0,"quantity":0.006438102245553465,"timestamp":"2024-04-11 00:22:58"}]],"liquidations":[],"receive_time":1712791378.805,"_doc":"2d1679d3-b3cf-42d1-9224-f41884bf2dcc"},{"trades":[[{"side":"buy","price":70671.5,"quantity":0.0011461480228946606,"timestamp":"2024-04-11 00:22:58"}],[{"side":"buy","price":70671.5,"quantity":0.01223972888646767,"timestamp":"2024-04-11 00:22:58"}]],"liquidations":[],"receive_time":1712791378.802,"_doc":"078863d7-1895-47b2-888d-36c8392d7eb7"},{"trades":[[{"side":"buy","price":70671.0,"quantity":0.0033535679415884873,"timestamp":"2024-04-11 00:22:58"}]],"liquidations":[],"receive_time":1712791378.782,"_doc":"c387d67f-d42e-464c-88d1-6ebe952de939"},{"trades":[[{"side":"buy","price":70671.0,"quantity":0.0037497700612698277,"timestamp":"2024-04-11 00:22:58"}]],"liquidations":[],"receive_time":1712791378.771,"_doc":"0e3009e3-1db5-4d63-a6b9-31e6c9326559"},{"trades":[[{"side":"buy","price":70671.0,"quantity":0.005730780659676529,"timestamp":"2024-04-11 00:22:58"}]],"liquidations":[],"receive_time":1712791378.77,"_doc":"27da1455-2eea-4da8-8ebb-8cd85db3b411"},{"trades":[[{"side":"buy","price":70671.0,"quantity":0.00018395098413776515,"timestamp":"2024-04-11 00:22:58"}],[{"side":"buy","price":70671.0,"quantity":0.0010754057534207808,"timestamp":"2024-04-11 00:22:58"}],[{"side":"buy","price":70671.0,"quantity":0.011008758896860099,"timestamp":"2024-04-11 00:22:58"}]],"liquidations":[],"receive_time":1712791378.769,"_doc":"0b72889e-0d08-4ac3-b488-ad725d503dff"},{"trades":[[{"side":"buy","price":70669.5,"quantity":0.0021508571590290013,"timestamp":"2024-04-11 00:22:58"}]],"liquidations":[],"receive_time":1712791378.763,"_doc":"0f157923-401e-405a-ad6d-a47e49da05f6"},{"trades":[[{"side":"buy","price":70669.5,"quantity":0.00018395488860116458,"timestamp":"2024-04-11 00:22:49"}]],"liquidations":[],"receive_time":1712791369.572,"_doc":"643993bc-f113-43a9-992b-0d6f5f0ec3db"},{"trades":[[{"side":"buy","price":70669.5,"quantity":0.00014150376046243428,"timestamp":"2024-04-11 00:22:49"}]],"liquidations":[],"receive_time":1712791369.548,"_doc":"8c93c67d-7043-48f2-89d3-2235cc6a5b74"},{"trades":[[{"side":"buy","price":70665.5,"quantity":0.0030991077682886274,"timestamp":"2024-04-11 00:22:38"}]],"liquidations":[],"receive_time":1712791358.475,"_doc":"4bc00e75-d983-4bec-9fdb-4bbb7e13b925"}]