[{"trades":[[{"side":"buy","price":70720.0,"quantity":0.011,"timestamp":"2024-04-11 00:23:01"}],[{"side":"buy","price":70720.0,"quantity":0.001,"timestamp":"2024-04-11 00:23:01"}]],"liquidations":[],"receive_time":1712791381.534,"_doc":"6e99bbb3-1c9d-4146-9b14-7d8c5c6413f6"},{"trades":[[{"side":"buy","price":70718.7,"quantity":0.012,"timestamp":"2024-04-11 00:23:01"}],[{"side":"buy","price":70720.0,"quantity":0.001,"timestamp":"2024-04-11 00:23:01"}],[{"side":"buy","price":70720.0,"quantity":0.039,"timestamp":"2024-04-11 00:23:01"}]],"liquidations":[],"receive_time":1712791381.516,"_doc":"5fd7f59e-1031-4069-94c3-be89d0c8164e"},{"trades":[[{"side":"buy","price":70718.4,"quantity":0.008,"timestamp":"2024-04-11 00:23:01"}]],"liquidations":[],"receive_time":1712791381.294,"_doc":"afa0f25d-2675-47a0-b6a8-164e471bfce7"},{"trades":[[{"side":"buy","price":70717.0,"quantity":0.018,"timestamp":"2024-04-11 00:23:01"}],[{"side":"buy","price":70717.0,"quantity":0.014,"timestamp":"2024-04-11 00:23:01"}],[{"side":"buy","price":70717.4,"quantity":0.014,"timestamp":"2024-04-11 00:23:01"}],[{"side":"buy","price":70718.4,"quantity":0.006,"timestamp":"2024-04-11 00:23:01"}]],"liquidations":[],"receive_time":1712791381.277,"_doc":"6eee02db-1811-4448-8a31-43f1ddd59dde"},{"trades":[[{"side":"buy","price":70717.0,"quantity":0.01,"timestamp":"2024-04-11 00:23:00"}]],"liquidations":[],"receive_time":1712791380.968,"_doc":"c9f1d23e-4c69-41b3-81f0-d2ed72621f82"},{"trades":[[{"side":"buy","price":70717.0,"quantity":0.022,"timestamp":"2024-04-11 00:23:00"}]],"liquidations":[],"receive_time":1712791380.385,"_doc":"15777ebf-5ce2-4882-81ab-a8a1e9a8d861"},{"trades":[[{"side":"buy","price":70716.4,"quantity":0.01,"timestamp":"2024-04-11 00:23:00"}],[{"side":"buy","price":70716.8,"quantity":0.001,"timestamp":"2024-04-11 00:23:00"}]],"liquidations":[],"receive_time":1712791380.234,"_doc":"ba146a0a-b772-49a7-b2a1-d68f3b5e7685"},{"trades":[[{"side":"buy","price":70716.4,"quantity":0.003,"timestamp":"2024-04-11 00:23:00"}]],"liquidations":[],"receive_time":1712791380.227,"_doc":"94395340-8bdd-4629-9681-6d257098e204"},{"trades":[[{"side":"buy","price":70716.2,"quantity":0.005,"timestamp":"2024-04-11 00:23:00"}],[{"side":"buy","price":70716.4,"quantity":0.002,"timestamp":"2024-04-11 00:23:00"}]],"liquidations":[],"receive_time":1712791380.218,"_doc":"0f708324-112e-451c-9bac-8da8572701c3"},{"trades":[[{"side":"buy","price":70716.1,"quantity":0.002,"timestamp":"2024-04-11 00:23:00"}],[{"side":"buy","price":70716.1,"quantity":0.002,"timestamp":"2024-04-11 00:23:00"}],[{"side":"buy","price":70716.2,"quantity":0.004,"timestamp":"2024-04-11 00:23:00"}]],"liquidations":[],"receive_time":1712791380.211,"_doc":"1241bdd4-6d0b-4d3c-8c30-322bab31112d"},{"trades":[[{"side":"buy","price":70715.9,"quantity":0.003,"timestamp":"2024-04-11 00:23:00"}],[{"side":"buy","price":70716.0,"quantity":0.001,"timestamp":"2024-04-11 00:23:00"}],[{"side":"buy","price":70716.1,"quantity":0.001,"timestamp":"2024-04-11 00:23:00"}]],"liquidations":[],"receive_time":1712791380.21,"_doc":"8d6b386e-d079-41d4-927a-fc3197a505ec"},{"trades":[[{"side":"buy","price":70715.9,"quantity":0.009,"timestamp":"2024-04-11 00:23:00"}]],"liquidations":[],"receive_time":1712791380.21,"_doc":"59be79e8-f73d-4a0c-b4e8-2fbe9cde3dd5"},{"trades":[[{"side":"buy","price":70715.9,"quantity":0.029,"timestamp":"2024-04-11 00:23:00"}],[{"side":"buy","price":70715.9,"quantity":0.01,"timestamp":"2024-04-11 00:23:00"}],[{"side":"buy","price":70715.9,"quantity":0.01,"timestamp":"2024-04-11 00:23:00"}],[{"side":"buy","price":70715.9,"quantity":0.01,"timestamp":"2024-04-11 00:23:00"}],[{"side":"buy","price":70715.9,"quantity":0.002,"timestamp":"2024-04-11 00:23:00"}]],"liquidations":[],"receive_time":1712791380.209,"_doc":"4f960890-7fc6-4466-80ce-30cb5114e0be"},{"trades":[[{"side":"buy","price":70715.9,"quantity":0.061,"timestamp":"2024-04-11 00:23:00"}]],"liquidations":[],"receive_time":1712791380.209,"_doc":"73a8ceac-8ff4-45ef-8867-ed3b930b90aa"},{"trades":[[{"side":"buy","price":70715.9,"quantity":0.002,"timestamp":"2024-04-11 00:23:00"}]],"liquidations":[],"receive_time":1712791380.134,"_doc":"92b03915-3034-40f7-a64b-ff5504197da4"},{"trades":[[{"side":"buy","price":70715.9,"quantity":0.031,"timestamp":"2024-04-11 00:22:59"}]],"liquidations":[],"receive_time":1712791379.823,"_doc":"fecefe5c-283c-492c-beab-420a340d1899"},{"trades":[[{"side":"buy","price":70715.9,"quantity":0.02,"timestamp":"2024-04-11 00:22:59"}]],"liquidations":[],"receive_time":1712791379.716,"_doc":"114a6d83-ef6c-4778-8775-850ba69b1f1f"},{"trades":[[{"side":"buy","price":70715.9,"quantity":0.015,"timestamp":"2024-04-11 00:22:59"}]],"liquidations":[],"receive_time":1712791379.507,"_doc":"bb5110af-9673-46ac-bf1a-b1ff8fc7785f"},{"trades":[[{"side":"sell","price":70715.8,"quantity":0.002,"timestamp":"2024-04-11 00:22:59"}]],"liquidations":[],"receive_time":1712791379.5,"_doc":"1213b7f7-7299-4ab5-9b0c-bfbcaa18d64d"},{"trades":[[{"side":"buy","price":70714.7,"quantity":0.002,"timestamp":"2024-04-11 00:22:58"}]],"liquidations":[],"receive_time":1712791378.781,"_doc":"21ce1a0a-08b4-45fd-835c-f67ca8cee512"},{"trades":[[{"side":"buy","price":70714.7,"quantity":0.001,"timestamp":"2024-04-11 00:22:58"}],[{"side":"buy","price":70714.7,"quantity":0.001,"timestamp":"2024-04-11 00:22:58"}]],"liquidations":[],"receive_time":1712791378.778,"_doc":"d14759b3-a85b-47fc-bc81-b6677773803c"},{"trades":[[{"side":"buy","price":70713.3,"quantity":0.013,"timestamp":"2024-04-11 00:22:58"}]],"liquidations":[],"receive_time":1712791378.774,"_doc":"8f14c5f0-9509-4d1f-87de-b516de39a465"},{"trades":[[{"side":"buy","price":70712.3,"quantity":0.002,"timestamp":"2024-04-11 00:22:58"}],[{"side":"buy","price":70713.3,"quantity":0.001,"timestamp":"2024-04-11 00:22:58"}],[{"side":"buy","price":70713.3,"quantity":0.002,"timestamp":"2024-04-11 00:22:58"}]],"liquidations":[],"receive_time":1712791378.762,"_doc":"17852a89-898f-447a-a70d-cf3304295408"},{"trades":[[{"side":"buy","price":70712.3,"quantity":0.014,"timestamp":"2024-04-11 00:22:58"}]],"liquidations":[],"receive_time":1712791378.761,"_doc":"c317acf2-8826-42bf-bc34-290e7d7434ac"},{"trades":[[{"side":"buy","price":70712.2,"quantity":0.014,"timestamp":"2024-04-11 00:22:58"}]],"liquidations":[],"receive_time":1712791378.759,"_doc":"df08020d-c2ba-44ca-9b10-3a121c8ef0ef"},{"trades":[[{"side":"buy","price":70712.2,"quantity":0.002,"timestamp":"2024-04-11 00:22:58"}]],"liquidations":[],"receive_time":1712791378.759,"_doc":"8f47d5b6-1124-4820-ae86-2879b2914c8b"},{"trades":[[{"side":"buy","price":70711.9,"quantity":0.002,"timestamp":"2024-04-11 00:22:58"}]],"liquidations":[],"receive_time":1712791378.758,"_doc":"908da928-43bb-4d30-9ff9-98fe5d01203c"},{"trades":[[{"side":"buy","price":70710.0,"quantity":0.041,"timestamp":"2024-04-11 00:22:58"}]],"liquidations":[],"receive_time":1712791378.758,"_doc":"e1b68bcc-d9e3-44e4-ae8b-747e048efa03"},{"trades":[[{"side":"buy","price":70710.0,"quantity":0.001,"timestamp":"2024-04-11 00:22:58"}],[{"side":"buy","price":70710.0,"quantity":0.011,"timestamp":"2024-04-11 00:22:58"}],[{"side":"buy","price":70710.0,"quantity":0.002,"timestamp":"2024-04-11 00:22:58"}],[{"side":"buy","price":70710.0,"quantity":0.002,"timestamp":"2024-04-11 00:22:58"}]],"liquidations":[],"receive_time":1712791378.757,"_doc":"1cd45593-0038-434c-a221-9a5ab8b26942"},{"trades":[[{"side":"buy","price":70710.0,"quantity":0.004,"timestamp":"2024-04-11 00:22:58"}]],"liquidations":[],"receive_time":1712791378.757,"_doc":"7b7d1dca-f751-4a3c-adb5-6e503ae82f43"},{"trades":[[{"side":"buy","price":70710.0,"quantity":0.002,"timestamp":"2024-04-11 00:22:58"}]],"liquidations":[],"receive_time":1712791378.757,"_doc":"0fece04a-3bb8-4c07-af9b-f10fc95712e5"},{"trades":[[{"side":"buy","price":70710.0,"quantity":0.009,"timestamp":"2024-04-11 00:22:58"}]],"liquidations":[],"receive_time":1712791378.757,"_doc":"55529387-5223-4191-b105-5f5cdcc2c3d8"},{"trades":[[{"side":"buy","price":70710.0,"quantity":0.004,"timestamp":"2024-04-11 00:22:58"}],[{"side":"buy","price":70710.0,"quantity":0.01,"timestamp":"2024-04-11 00:22:58"}],[{"side":"buy","price":70710.0,"quantity":0.033,"timestamp":"2024-04-11 00:22:58"}],[{"side":"buy","price":70710.0,"quantity":0.042,"timestamp":"2024-04-11 00:22:58"}],[{"side":"buy","price":70710.0,"quantity":0.021,"timestamp":"2024-04-11 00:22:58"}]],"liquidations":[],"receive_time":1712791378.52,"_doc":"167bd5d4-4093-4b75-b88a-1f79fe3d3d28"},{"trades":[[{"side":"sell","price":70709.9,"quantity":0.003,"timestamp":"2024-04-11 00:22:58"}]],"liquidations":[],"receive_time":1712791378.517,"_doc":"cd98c5ee-a945-4457-a705-98b4a31f3dde"},{"trades":[[{"side":"sell","price":70709.9,"quantity":0.001,"timestamp":"2024-04-11 00:22:58"}]],"liquidations":[],"receive_time":1712791378.505,"_doc":"8de4b0bf-87ca-424b-83ba-d680d3474975"},{"trades":[[{"side":"buy","price":70710.0,"quantity":0.025,"timestamp":"2024-04-11 00:22:58"}]],"liquidations":[],"receive_time":1712791378.437,"_doc":"413e134c-d054-4f73-9be7-f942da9d4c82"},{"trades":[[{"side":"buy","price":70710.0,"quantity":0.1,"timestamp":"2024-04-11 00:22:58"}]],"liquidations":[],"receive_time":1712791378.435,"_doc":"3febc47d-e38d-4c10-b8eb-6d1037a62c1c"},{"trades":[[{"side":"buy","price":70710.0,"quantity":0.03,"timestamp":"2024-04-11 00:22:57"}]],"liquidations":[],"receive_time":1712791377.104,"_doc":"8ebc48b5-6cfb-4fb9-a858-518e39678107"},{"trades":[[{"side":"buy","price":70710.0,"quantity":0.05,"timestamp":"2024-04-11 00:22:56"}]],"liquidations":[],"receive_time":1712791376.884,"_doc":"8db57b87-eec0-408b-ad40-816362ecbc0c"},{"trades":[[{"side":"buy","price":70710.0,"quantity":0.475,"timestamp":"2024-04-11 00:22:56"}],[{"side":"buy","price":70710.0,"quantity":0.11,"timestamp":"2024-04-11 00:22:56"}]],"liquidations":[],"receive_time":1712791376.337,"_doc":"8d22963a-0dfa-475c-bb9d-620276c577e8"},{"trades":[[{"side":"buy","price":70710.0,"quantity":0.002,"timestamp":"2024-04-11 00:22:56"}]],"liquidations":[],"receive_time":1712791376.211,"_doc":"d7437be2-50cd-4462-b8fc-75765bb71dbf"},{"trades":[[{"side":"sell","price":70709.9,"quantity":0.006,"timestamp":"2024-04-11 00:22:55"}]],"liquidations":[],"receive_time":1712791375.981,"_doc":"554dbffb-5dc2-4cbd-87c7-15ae795ecbb7"},{"trades":[[{"side":"sell","price":70709.9,"quantity":0.05,"timestamp":"2024-04-11 00:22:55"}]],"liquidations":[],"receive_time":1712791375.837,"_doc":"f75460a9-d3bb-41fe-91c6-e5a3a2b9ff0c"},{"trades":[[{"side":"sell","price":70709.9,"quantity":0.133,"timestamp":"2024-04-11 00:22:55"}]],"liquidations":[],"receive_time":1712791375.234,"_doc":"14085747-ccc6-4540-a787-030257ddb28e"},{"trades":[[{"side":"buy","price":70710.0,"quantity":0.42,"timestamp":"2024-04-11 00:22:55"}]],"liquidations":[],"receive_time":1712791375.145,"_doc":"c839681f-f76d-45fd-bf62-73c434fbb324"},{"trades":[[{"side":"buy","price":70710.0,"quantity":0.007,"timestamp":"2024-04-11 00:22:54"}]],"liquidations":[],"receive_time":1712791374.601,"_doc":"f2670c79-0ce8-43c6-80c9-60d4bc6badf8"},{"trades":[[{"side":"buy","price":70710.0,"quantity":0.002,"timestamp":"2024-04-11 00:22:54"}]],"liquidations":[],"receive_time":1712791374.454,"_doc":"dcb56438-43a4-4e8e-b65d-c0f2764ecd32"},{"trades":[[{"side":"buy","price":70710.0,"quantity":0.006,"timestamp":"2024-04-11 00:22:54"}]],"liquidations":[],"receive_time":1712791374.443,"_doc":"40eac398-5c87-4aa2-8c55-085153ffd8db"},{"trades":[[{"side":"buy","price":70710.0,"quantity":0.017,"timestamp":"2024-04-11 00:22:53"}]],"liquidations":[],"receive_time":1712791373.848,"_doc":"eb923ae2-9ec8-41ab-a685-89abecba5da3"},{"trades":[[{"side":"sell","price":70709.9,"quantity":0.006,"timestamp":"2024-04-11 00:22:53"}]],"liquidations":[],"receive_time":1712791373.164,"_doc":"d8bff9b4-76ab-46bc-bbbd-8025ed05dfd1"},{"trades":[[{"side":"buy","price":70710.0,"quantity":0.002,"timestamp":"2024-04-11 00:22:52"}]],"liquidations":[],"receive_time":1712791372.755,"_doc":"45bbbf58-9f5d-4718-a977-940ca9e3aa25"},{"trades":[[{"side":"buy","price":70710.0,"quantity":0.029,"timestamp":"2024-04-11 00:22:52"}]],"liquidations":[],"receive_time":1712791372.172,"_doc":"5aa0df66-f924-43f3-b6a5-01ab1ddfc5af"},{"trades":[[{"side":"buy","price":70710.0,"quantity":0.011,"timestamp":"2024-04-11 00:22:51"}]],"liquidations":[],"receive_time":1712791371.509,"_doc":"08fdca93-69c3-4abb-b2e2-a6536dec4067"},{"trades":[[{"side":"sell","price":70709.9,"quantity":0.002,"timestamp":"2024-04-11 00:22:51"}]],"liquidations":[],"receive_time":1712791371.12,"_doc":"6d3276b5-dbca-43ed-a854-4fd20d28872e"},{"trades":[[{"side":"buy","price":70710.0,"quantity":0.01,"timestamp":"2024-04-11 00:22:50"}]],"liquidations":[],"receive_time":1712791370.844,"_doc":"a0d0f030-83e8-4359-bd34-8f1c4e8c6cf1"},{"trades":[[{"side":"sell","price":70709.9,"quantity":0.01,"timestamp":"2024-04-11 00:22:50"}]],"liquidations":[],"receive_time":1712791370.182,"_doc":"3b0fc3e7-6a00-467f-bcb7-44fcb84388e5"},{"trades":[[{"side":"sell","price":70709.9,"quantity":0.169,"timestamp":"2024-04-11 00:22:50"}]],"liquidations":[],"receive_time":1712791370.028,"_doc":"fb39dac4-1a52-4272-8778-3cc6a0fe840f"},{"trades":[[{"side":"buy","price":70710.0,"quantity":0.019,"timestamp":"2024-04-11 00:22:49"}]],"liquidations":[],"receive_time":1712791369.647,"_doc":"6a6011f4-8932-4b00-8eba-eecdb392cb5b"},{"trades":[[{"side":"sell","price":70709.9,"quantity":0.016,"timestamp":"2024-04-11 00:22:49"}]],"liquidations":[],"receive_time":1712791369.635,"_doc":"539c4a3f-0878-4eda-bc2d-ae796887e37d"},{"trades":[[{"side":"buy","price":70706.5,"quantity":0.058,"timestamp":"2024-04-11 00:22:49"}],[{"side":"buy","price":70707.0,"quantity":0.019,"timestamp":"2024-04-11 00:22:49"}],[{"side":"buy","price":70707.0,"quantity":0.05,"timestamp":"2024-04-11 00:22:49"}]],"liquidations":[],"receive_time":1712791369.565,"_doc":"7c9b5dda-3b3a-49c1-b7a0-956111384341"},{"trades":[[{"side":"buy","price":70706.5,"quantity":0.029,"timestamp":"2024-04-11 00:22:49"}]],"liquidations":[],"receive_time":1712791369.544,"_doc":"8a866768-4025-4c8a-b99c-5b70d8f06d81"},{"trades":[[{"side":"buy","price":70706.5,"quantity":0.029,"timestamp":"2024-04-11 00:22:49"}]],"liquidations":[],"receive_time":1712791369.544,"_doc":"444e2c46-7019-4d60-b192-ae0ef430e186"},{"trades":[[{"side":"buy","price":70706.5,"quantity":0.029,"timestamp":"2024-04-11 00:22:49"}]],"liquidations":[],"receive_time":1712791369.543,"_doc":"b357e153-0f02-4965-9e2f-891104759bfa"},{"trades":[[{"side":"buy","price":70706.5,"quantity":0.029,"timestamp":"2024-04-11 00:22:49"}]],"liquidations":[],"receive_time":1712791369.539,"_doc":"dd42acb9-d1a9-41f4-955d-d8748eb89f46"},{"trades":[[{"side":"buy","price":70706.5,"quantity":0.011,"timestamp":"2024-04-11 00:22:49"}]],"liquidations":[],"receive_time":1712791369.533,"_doc":"4febb9c1-0869-4900-955c-3af16c215a82"},{"trades":[[{"side":"buy","price":70706.5,"quantity":0.015,"timestamp":"2024-04-11 00:22:49"}]],"liquidations":[],"receive_time":1712791369.515,"_doc":"95285788-6758-4a31-afbc-aa7e4843d96d"},{"trades":[[{"side":"buy","price":70706.5,"quantity":0.06,"timestamp":"2024-04-11 00:22:49"}]],"liquidations":[],"receive_time":1712791369.515,"_doc":"930d23c1-6a5a-4d07-bcbd-9633f8ac0cde"},{"trades":[[{"side":"buy","price":70706.5,"quantity":0.015,"timestamp":"2024-04-11 00:22:49"}]],"liquidations":[],"receive_time":1712791369.512,"_doc":"64eed412-67a4-44e9-a13c-37a82b2defcb"},{"trades":[[{"side":"buy","price":70706.5,"quantity":0.015,"timestamp":"2024-04-11 00:22:49"}]],"liquidations":[],"receive_time":1712791369.51,"_doc":"95016b77-24cd-4506-8cce-4d13f6d1bf39"},{"trades":[[{"side":"buy","price":70706.5,"quantity":0.015,"timestamp":"2024-04-11 00:22:49"}]],"liquidations":[],"receive_time":1712791369.51,"_doc":"74d37eeb-9c71-4ff0-8b82-c4f410394ef1"},{"trades":[[{"side":"buy","price":70706.5,"quantity":0.061,"timestamp":"2024-04-11 00:22:49"}]],"liquidations":[],"receive_time":1712791369.504,"_doc":"56f14e82-a91a-4ee0-984c-592fa7a05dc3"},{"trades":[[{"side":"buy","price":70706.5,"quantity":0.012,"timestamp":"2024-04-11 00:22:49"}]],"liquidations":[],"receive_time":1712791369.497,"_doc":"b76a8009-8fe8-4327-a346-b6b3fdb90fe3"},{"trades":[[{"side":"buy","price":70706.5,"quantity":0.015,"timestamp":"2024-04-11 00:22:49"}]],"liquidations":[],"receive_time":1712791369.489,"_doc":"3f7b170e-578b-4d19-8c59-6e5908dcecc4"},{"trades":[[{"side":"buy","price":70706.5,"quantity":0.015,"timestamp":"2024-04-11 00:22:49"}]],"liquidations":[],"receive_time":1712791369.478,"_doc":"0cc81669-a7fd-460f-a14e-699083038073"},{"trades":[[{"side":"buy","price":70706.5,"quantity":0.015,"timestamp":"2024-04-11 00:22:49"}]],"liquidations":[],"receive_time":1712791369.476,"_doc":"9108e073-bb71-4b43-80b8-ada65f773e82"},{"trades":[[{"side":"buy","price":70706.5,"quantity":0.015,"timestamp":"2024-04-11 00:22:49"}]],"liquidations":[],"receive_time":1712791369.476,"_doc":"5578cd04-e5d7-44f7-a4cc-1565ee6f37e4"},{"trades":[[{"side":"buy","price":70706.5,"quantity":0.003,"timestamp":"2024-04-11 00:22:49"}]],"liquidations":[],"receive_time":1712791369.472,"_doc":"0eb0ec72-3225-467c-9481-bda1e6efc6bc"},{"trades":[[{"side":"buy","price":70706.5,"quantity":0.015,"timestamp":"2024-04-11 00:22:49"}]],"liquidations":[],"receive_time":1712791369.472,"_doc":"41eb360a-12e4-4174-8dc1-213937366d49"},{"trades":[[{"side":"buy","price":70706.5,"quantity":0.015,"timestamp":"2024-04-11 00:22:49"}]],"liquidations":[],"receive_time":1712791369.471,"_doc":"8179b3e9-56f4-4791-bc95-ae833b07b31b"},{"trades":[[{"side":"buy","price":70706.5,"quantity":0.015,"timestamp":"2024-04-11 00:22:49"}]],"liquidations":[],"receive_time":1712791369.471,"_doc":"ed09be41-766c-4363-96c3-69287c500ebd"},{"trades":[[{"side":"buy","price":70706.0,"quantity":0.001,"timestamp":"2024-04-11 00:22:49"}],[{"side":"buy","price":70706.5,"quantity":0.014,"timestamp":"2024-04-11 00:22:49"}]],"liquidations":[],"receive_time":1712791369.47,"_doc":"91bda311-5948-4ec5-8e03-ac769ab87da7"},{"trades":[[{"side":"buy","price":70704.0,"quantity":0.001,"timestamp":"2024-04-11 00:22:49"}],[{"side":"buy","price":70704.2,"quantity":0.228,"timestamp":"2024-04-11 00:22:49"}]],"liquidations":[],"receive_time":1712791369.468,"_doc":"05145fe0-7049-4ebb-bc54-f828e3103007"},{"trades":[[{"side":"buy","price":70703.0,"quantity":0.026,"timestamp":"2024-04-11 00:22:49"}]],"liquidations":[],"receive_time":1712791369.468,"_doc":"f0502a22-ee9f-4af7-b12c-7c39e534c61a"},{"trades":[[{"side":"buy","price":70703.0,"quantity":0.251,"timestamp":"2024-04-11 00:22:49"}]],"liquidations":[],"receive_time":1712791369.468,"_doc":"cadb419c-6c4b-4495-9d9c-8998afaa6ff4"},{"trades":[[{"side":"buy","price":70702.9,"quantity":0.016,"timestamp":"2024-04-11 00:22:49"}],[{"side":"buy","price":70703.0,"quantity":0.069,"timestamp":"2024-04-11 00:22:49"}]],"liquidations":[],"receive_time":1712791369.468,"_doc":"90a3a2b0-154f-432a-ac30-609fa780695d"},{"trades":[[{"side":"buy","price":70703.0,"quantity":0.165,"timestamp":"2024-04-11 00:22:49"}]],"liquidations":[],"receive_time":1712791369.467,"_doc":"8a00fcc2-48c9-4491-9f93-0d6695b6f320"},{"trades":[[{"side":"buy","price":70702.6,"quantity":0.005,"timestamp":"2024-04-11 00:22:49"}],[{"side":"buy","price":70703.0,"quantity":0.065,"timestamp":"2024-04-11 00:22:49"}]],"liquidations":[],"receive_time":1712791369.466,"_doc":"325c1750-2ab5-4685-b23e-d2a69d7a08d2"},{"trades":[[{"side":"buy","price":70702.6,"quantity":0.007,"timestamp":"2024-04-11 00:22:49"}]],"liquidations":[],"receive_time":1712791369.466,"_doc":"445dbd03-5bec-4422-8895-8f66eeeec793"},{"trades":[[{"side":"buy","price":70702.4,"quantity":0.002,"timestamp":"2024-04-11 00:22:49"}]],"liquidations":[],"receive_time":1712791369.463,"_doc":"b1bd787e-9de2-43e6-a5ab-99b2a1af21e1"},{"trades":[[{"side":"buy","price":70702.4,"quantity":0.051,"timestamp":"2024-04-11 00:22:49"}]],"liquidations":[],"receive_time":1712791369.462,"_doc":"3eb09718-fadd-47b4-b21e-80260ba1b186"},{"trades":[[{"side":"buy","price":70702.0,"quantity":0.002,"timestamp":"2024-04-11 00:22:49"}]],"liquidations":[],"receive_time":1712791369.459,"_doc":"c803ded9-a177-47ce-ba83-baab5ef36b7b"},{"trades":[[{"side":"buy","price":70700.0,"quantity":1.659,"timestamp":"2024-04-11 00:22:49"}],[{"side":"buy","price":70700.0,"quantity":0.05,"timestamp":"2024-04-11 00:22:49"}],[{"side":"buy","price":70700.0,"quantity":0.1,"timestamp":"2024-04-11 00:22:49"}],[{"side":"buy","price":70700.0,"quantity":0.001,"timestamp":"2024-04-11 00:22:49"}],[{"side":"buy","price":70700.0,"quantity":0.001,"timestamp":"2024-04-11 00:22:49"}],[{"side":"buy","price":70700.0,"quantity":0.021,"timestamp":"2024-04-11 00:22:49"}],[{"side":"buy","price":70700.0,"quantity":0.014,"timestamp":"2024-04-11 00:22:49"}],[{"side":"buy","price":70700.0,"quantity":0.01,"timestamp":"2024-04-11 00:22:49"}],[{"side":"buy","price":70700.0,"quantity":0.111,"timestamp":"2024-04-11 00:22:49"}],[{"side":"buy","price":70700.0,"quantity":0.154,"timestamp":"2024-04-11 00:22:49"}],[{"side":"buy","price":70700.0,"quantity":0.072,"timestamp":"2024-04-11 00:22:49"}],[{"side":"buy","price":70700.0,"quantity":0.238,"timestamp":"2024-04-11 00:22:49"}],[{"side":"buy","price":70700.5,"quantity":0.001,"timestamp":"2024-04-11 00:22:49"}],[{"side":"buy","price":70700.5,"quantity":0.01,"timestamp":"2024-04-11 00:22:49"}],[{"side":"buy","price":70701.1,"quantity":0.016,"timestamp":"2024-04-11 00:22:49"}],[{"side":"buy","price":70701.4,"quantity":0.016,"timestamp":"2024-04-11 00:22:49"}]],"liquidations":[],"receive_time":1712791369.459,"_doc":"0e858508-274a-429c-90fe-fb5bef3143d2"},{"trades":[[{"side":"buy","price":70700.0,"quantity":0.003,"timestamp":"2024-04-11 00:22:49"}],[{"side":"buy","price":70700.0,"quantity":0.003,"timestamp":"2024-04-11 00:22:49"}]],"liquidations":[],"receive_time":1712791369.458,"_doc":"431d03a6-a2c1-49fd-a79b-a0a9ef9aabe5"},{"trades":[[{"side":"buy","price":70700.0,"quantity":0.002,"timestamp":"2024-04-11 00:22:49"}],[{"side":"buy","price":70700.0,"quantity":0.91,"timestamp":"2024-04-11 00:22:49"}]],"liquidations":[],"receive_time":1712791369.458,"_doc":"bc2b6de4-910d-4a65-ab97-bf9c3bdc4de2"},{"trades":[[{"side":"buy","price":70700.0,"quantity":0.015,"timestamp":"2024-04-11 00:22:49"}]],"liquidations":[],"receive_time":1712791369.458,"_doc":"beb6bbec-a1e6-43a2-804c-6793a4610839"},{"trades":[[{"side":"buy","price":70700.0,"quantity":0.002,"timestamp":"2024-04-11 00:22:49"}],[{"side":"buy","price":70700.0,"quantity":0.011,"timestamp":"2024-04-11 00:22:49"}]],"liquidations":[],"receive_time":1712791369.458,"_doc":"b52d0e93-83a7-4c47-a256-67ba7ff0c330"},{"trades":[[{"side":"buy","price":70700.0,"quantity":0.002,"timestamp":"2024-04-11 00:22:49"}],[{"side":"buy","price":70700.0,"quantity":0.002,"timestamp":"2024-04-11 00:22:49"}]],"liquidations":[],"receive_time":1712791369.458,"_doc":"f2b6f81c-2d49-480f-a634-3de0a5afadad"},{"trades":[[{"side":"buy","price":70700.0,"quantity":0.312,"timestamp":"2024-04-11 00:22:49"}],[{"side":"buy","price":70700.0,"quantity":0.064,"timestamp":"2024-04-11 00:22:49"}]],"liquidations":[],"receive_time":1712791369.458,"_doc":"fd1df97d-2aee-4ec3-b7b9-a5691f5412f0"},{"trades":[[{"side":"buy","price":70700.0,"quantity":0.003,"timestamp":"2024-04-11 00:22:49"}]],"liquidations":[],"receive_time":1712791369.458,"_doc":"4fd0fb55-4e75-4eda-8faa-2ebd4739befd"},{"trades":[[{"side":"buy","price":70700.0,"quantity":0.027,"timestamp":"2024-04-11 00:22:49"}],[{"side":"buy","price":70700.0,"quantity":0.011,"timestamp":"2024-04-11 00:22:49"}]],"liquidations":[],"receive_time":1712791369.458,"_doc":"cecf2dc8-b4f1-4560-9d44-c6f76e8e7186"},{"trades":[[{"side":"buy","price":70700.0,"quantity":0.084,"timestamp":"2024-04-11 00:22:49"}]],"liquidations":[],"receive_time":1712791369.458,"_doc":"8927db8b-eede-41eb-b1ed-cb0f6c873530"},{"trades":[[{"side":"buy","price":70700.0,"quantity":0.016,"timestamp":"2024-04-11 00:22:49"}],[{"side":"buy","price":70700.0,"quantity":0.062,"timestamp":"2024-04-11 00:22:49"}]],"liquidations":[],"receive_time":1712791369.458,"_doc":"8bde0892-5573-4ec3-8503-8fd35cf04528"},{"trades":[[{"side":"buy","price":70700.0,"quantity":0.089,"timestamp":"2024-04-11 00:22:49"}]],"liquidations":[],"receive_time":1712791369.457,"_doc":"790f4672-8526-4a89-9621-b75a44a3d494"},{"trades":[[{"side":"buy","price":70700.0,"quantity":0.024,"timestamp":"2024-04-11 00:22:49"}]],"liquidations":[],"receive_time":1712791369.457,"_doc":"5f50e028-5f40-4c32-ae53-9ef02dc71c88"},{"trades":[[{"side":"buy","price":70700.0,"quantity":0.004,"timestamp":"2024-04-11 00:22:49"}],[{"side":"buy","price":70700.0,"quantity":0.077,"timestamp":"2024-04-11 00:22:49"}]],"liquidations":[],"receive_time":1712791369.457,"_doc":"07c060ed-3599-4609-a1d9-4d3d89df0002"},{"trades":[[{"side":"buy","price":70700.0,"quantity":0.605,"timestamp":"2024-04-11 00:22:49"}],[{"side":"buy","price":70700.0,"quantity":0.536,"timestamp":"2024-04-11 00:22:49"}],[{"side":"buy","price":70700.0,"quantity":0.481,"timestamp":"2024-04-11 00:22:49"}],[{"side":"buy","price":70700.0,"quantity":0.145,"timestamp":"2024-04-11 00:22:49"}]],"liquidations":[],"receive_time":1712791369.457,"_doc":"eca69a04-a33e-41e1-b7e1-4d579eae3162"},{"trades":[[{"side":"buy","price":70700.0,"quantity":0.003,"timestamp":"2024-04-11 00:22:49"}]],"liquidations":[],"receive_time":1712791369.457,"_doc":"c7de3f44-c236-4943-bd86-a26d291b1735"},{"trades":[[{"side":"buy","price":70700.0,"quantity":0.196,"timestamp":"2024-04-11 00:22:49"}],[{"side":"buy","price":70700.0,"quantity":0.005,"timestamp":"2024-04-11 00:22:49"}]],"liquidations":[],"receive_time":1712791369.457,"_doc":"f1cd5131-433d-44a5-828e-b72478a183be"},{"trades":[[{"side":"buy","price":70700.0,"quantity":0.59,"timestamp":"2024-04-11 00:22:49"}],[{"side":"buy","price":70700.0,"quantity":0.004,"timestamp":"2024-04-11 00:22:49"}]],"liquidations":[],"receive_time":1712791369.457,"_doc":"3c4e8f3d-bc05-45cb-87f5-05b7394d2a54"},{"trades":[[{"side":"buy","price":70700.0,"quantity":0.2,"timestamp":"2024-04-11 00:22:49"}]],"liquidations":[],"receive_time":1712791369.456,"_doc":"d6fa0185-b48e-4e73-b6de-b977f737d62f"},{"trades":[[{"side":"buy","price":70700.0,"quantity":0.003,"timestamp":"2024-04-11 00:22:49"}],[{"side":"buy","price":70700.0,"quantity":0.037,"timestamp":"2024-04-11 00:22:49"}]],"liquidations":[],"receive_time":1712791369.456,"_doc":"0be498d7-da47-449f-8aa4-01737ebc8420"},{"trades":[[{"side":"buy","price":70700.0,"quantity":0.002,"timestamp":"2024-04-11 00:22:49"}]],"liquidations":[],"receive_time":1712791369.456,"_doc":"a32ed8ee-1533-4ef5-bd27-6b2dcbf17c98"},{"trades":[[{"side":"buy","price":70700.0,"quantity":1.303,"timestamp":"2024-04-11 00:22:49"}]],"liquidations":[],"receive_time":1712791369.456,"_doc":"b9d75a6b-846e-4c4d-867b-3baf2fa3251b"},{"trades":[[{"side":"buy","price":70700.0,"quantity":0.117,"timestamp":"2024-04-11 00:22:49"}],[{"side":"buy","price":70700.0,"quantity":0.057,"timestamp":"2024-04-11 00:22:49"}]],"liquidations":[],"receive_time":1712791369.456,"_doc":"4ecf2afb-76e1-4373-9704-4cb8c89fd7ba"},{"trades":[[{"side":"buy","price":70700.0,"quantity":0.002,"timestamp":"2024-04-11 00:22:49"}]],"liquidations":[],"receive_time":1712791369.456,"_doc":"5d2f193e-0544-4d6a-bd98-f52861f537ad"},{"trades":[[{"side":"buy","price":70700.0,"quantity":0.008,"timestamp":"2024-04-11 00:22:49"}],[{"side":"buy","price":70700.0,"quantity":0.278,"timestamp":"2024-04-11 00:22:49"}]],"liquidations":[],"receive_time":1712791369.456,"_doc":"be462282-bfb9-4965-b1b1-6cc2c05fc41b"},{"trades":[[{"side":"buy","price":70700.0,"quantity":0.087,"timestamp":"2024-04-11 00:22:49"}]],"liquidations":[],"receive_time":1712791369.456,"_doc":"0d018fd1-09cd-4c9b-ae55-37a272598eb8"},{"trades":[[{"side":"buy","price":70700.0,"quantity":0.008,"timestamp":"2024-04-11 00:22:49"}]],"liquidations":[],"receive_time":1712791369.455,"_doc":"3b0c1bbb-7a41-47ac-9fbc-cedeed1765a2"},{"trades":[[{"side":"buy","price":70700.0,"quantity":0.062,"timestamp":"2024-04-11 00:22:49"}]],"liquidations":[],"receive_time":1712791369.455,"_doc":"f28cecbe-4466-48e0-a71e-4929f2b8e266"},{"trades":[[{"side":"buy","price":70700.0,"quantity":0.06,"timestamp":"2024-04-11 00:22:49"}]],"liquidations":[],"receive_time":1712791369.455,"_doc":"5b96b7d7-1781-4f16-b9a2-549f771ce75c"},{"trades":[[{"side":"buy","price":70700.0,"quantity":0.559,"timestamp":"2024-04-11 00:22:49"}],[{"side":"buy","price":70700.0,"quantity":0.006,"timestamp":"2024-04-11 00:22:49"}]],"liquidations":[],"receive_time":1712791369.455,"_doc":"69a75190-f89e-426e-b0ef-8a9f3e5a5aa6"},{"trades":[[{"side":"buy","price":70700.0,"quantity":0.002,"timestamp":"2024-04-11 00:22:49"}]],"liquidations":[],"receive_time":1712791369.455,"_doc":"34fe379e-e575-4e5b-adc4-4622267fc446"},{"trades":[[{"side":"buy","price":70700.0,"quantity":0.061,"timestamp":"2024-04-11 00:22:49"}]],"liquidations":[],"receive_time":1712791369.455,"_doc":"b4e88f69-19be-4edf-99f8-9541073cc9d9"},{"trades":[[{"side":"buy","price":70700.0,"quantity":0.004,"timestamp":"2024-04-11 00:22:48"}]],"liquidations":[],"receive_time":1712791368.671,"_doc":"7d799091-0a17-459f-b094-b08ca805d121"},{"trades":[[{"side":"buy","price":70700.0,"quantity":0.089,"timestamp":"2024-04-11 00:22:48"}]],"liquidations":[],"receive_time":1712791368.502,"_doc":"3d8400fb-9b44-46f1-8f12-9005950c174d"},{"trades":[[{"side":"buy","price":70700.0,"quantity":0.002,"timestamp":"2024-04-11 00:22:47"}]],"liquidations":[],"receive_time":1712791367.881,"_doc":"9d74bbf7-ec60-4030-9435-836ea6be2b85"},{"trades":[[{"side":"buy","price":70700.0,"quantity":0.001,"timestamp":"2024-04-11 00:22:47"}]],"liquidations":[],"receive_time":1712791367.275,"_doc":"94cf821f-6ef6-4bcc-a852-ba994d5511ff"},{"trades":[[{"side":"buy","price":70700.0,"quantity":0.001,"timestamp":"2024-04-11 00:22:47"}]],"liquidations":[],"receive_time":1712791367.275,"_doc":"0bf0147e-2ec8-43ca-8c5c-931a959089a5"},{"trades":[[{"side":"buy","price":70700.0,"quantity":0.001,"timestamp":"2024-04-11 00:22:47"}]],"liquidations":[],"receive_time":1712791367.261,"_doc":"e11eb5e1-d28b-4805-9e5c-6275f182e6f1"},{"trades":[[{"side":"buy","price":70700.0,"quantity":0.001,"timestamp":"2024-04-11 00:22:47"}]],"liquidations":[],"receive_time":1712791367.26,"_doc":"e1a6101f-fcf4-4916-9674-35905b97d91d"},{"trades":[[{"side":"buy","price":70700.0,"quantity":0.001,"timestamp":"2024-04-11 00:22:47"}]],"liquidations":[],"receive_time":1712791367.255,"_doc":"415e6118-897f-412f-97ef-59825c013e8f"},{"trades":[[{"side":"buy","price":70700.0,"quantity":0.007,"timestamp":"2024-04-11 00:22:46"}]],"liquidations":[],"receive_time":1712791366.858,"_doc":"0654098f-9b6d-4299-b63d-ed6edbab3386"},{"trades":[[{"side":"buy","price":70700.0,"quantity":0.002,"timestamp":"2024-04-11 00:22:46"}]],"liquidations":[],"receive_time":1712791366.858,"_doc":"5828ef5c-e18e-4ede-8d53-a2fb606b1a96"},{"trades":[[{"side":"buy","price":70700.0,"quantity":0.003,"timestamp":"2024-04-11 00:22:46"}],[{"side":"buy","price":70700.0,"quantity":0.093,"timestamp":"2024-04-11 00:22:46"}]],"liquidations":[],"receive_time":1712791366.857,"_doc":"bd54532d-8a68-4aaf-bf00-201639f2578f"},{"trades":[[{"side":"buy","price":70700.0,"quantity":0.003,"timestamp":"2024-04-11 00:22:46"}]],"liquidations":[],"receive_time":1712791366.857,"_doc":"7d8801d2-62dd-421e-bc36-bd6d6a324c38"},{"trades":[[{"side":"buy","price":70700.0,"quantity":0.005,"timestamp":"2024-04-11 00:22:46"}]],"liquidations":[],"receive_time":1712791366.857,"_doc":"d1ee9f93-dd5e-4c9f-9948-3c4986aa2e17"},{"trades":[[{"side":"buy","price":70700.0,"quantity":0.061,"timestamp":"2024-04-11 00:22:46"}]],"liquidations":[],"receive_time":1712791366.856,"_doc":"3c344d96-9c8f-4d64-86dc-ec4e1b3dd0fd"},{"trades":[[{"side":"buy","price":70700.0,"quantity":0.002,"timestamp":"2024-04-11 00:22:46"}]],"liquidations":[],"receive_time":1712791366.813,"_doc":"f955866d-dc98-4e5b-8d63-b17a0723974c"},{"trades":[[{"side":"buy","price":70700.0,"quantity":0.091,"timestamp":"2024-04-11 00:22:46"}]],"liquidations":[],"receive_time":1712791366.807,"_doc":"6ca6fa2d-28ef-4920-b84f-3b05cca7d87d"},{"trades":[[{"side":"buy","price":70700.0,"quantity":0.082,"timestamp":"2024-04-11 00:22:46"}]],"liquidations":[],"receive_time":1712791366.805,"_doc":"2920b2f0-8435-4f61-aa9c-d90360d854e8"},{"trades":[[{"side":"buy","price":70700.0,"quantity":0.003,"timestamp":"2024-04-11 00:22:45"}]],"liquidations":[],"receive_time":1712791365.462,"_doc":"be12a13b-c9d7-4295-8024-b0a39c641374"},{"trades":[[{"side":"sell","price":70699.9,"quantity":0.01,"timestamp":"2024-04-11 00:22:45"}]],"liquidations":[],"receive_time":1712791365.406,"_doc":"3cd8898d-dd1b-44e4-85cf-40c045c4db26"},{"trades":[[{"side":"sell","price":70699.9,"quantity":0.177,"timestamp":"2024-04-11 00:22:44"}]],"liquidations":[],"receive_time":1712791364.559,"_doc":"d045779b-ead9-4de4-b329-801d8bd1931b"},{"trades":[[{"side":"buy","price":70700.0,"quantity":0.002,"timestamp":"2024-04-11 00:22:44"}]],"liquidations":[],"receive_time":1712791364.55,"_doc":"aa945ab6-1d28-4593-865e-43e9f25d82f6"},{"trades":[[{"side":"buy","price":70700.0,"quantity":0.09,"timestamp":"2024-04-11 00:22:44"}]],"liquidations":[],"receive_time":1712791364.549,"_doc":"b57e045f-0451-46c6-8b41-2ea2dbf548c8"},{"trades":[[{"side":"sell","price":70699.9,"quantity":0.016,"timestamp":"2024-04-11 00:22:44"}]],"liquidations":[],"receive_time":1712791364.381,"_doc":"102bd795-3bdf-4b32-bb4e-6529899da403"},{"trades":[[{"side":"buy","price":70700.0,"quantity":0.045,"timestamp":"2024-04-11 00:22:44"}]],"liquidations":[],"receive_time":1712791364.098,"_doc":"a064fa7e-aa0c-4d76-88f5-2c5721a1900a"},{"trades":[[{"side":"buy","price":70700.0,"quantity":0.1,"timestamp":"2024-04-11 00:22:43"}]],"liquidations":[],"receive_time":1712791363.625,"_doc":"920530e6-207c-4779-8f5d-eddc4b2f97f0"},{"trades":[[{"side":"buy","price":70698.6,"quantity":0.102,"timestamp":"2024-04-11 00:22:43"}],[{"side":"buy","price":70698.7,"quantity":0.098,"timestamp":"2024-04-11 00:22:43"}]],"liquidations":[],"receive_time":1712791363.611,"_doc":"3cdcd80b-3428-4018-9098-76ea06682482"},{"trades":[[{"side":"sell","price":70699.9,"quantity":0.001,"timestamp":"2024-04-11 00:22:43"}]],"liquidations":[],"receive_time":1712791363.565,"_doc":"11225939-a65d-4dfb-b93a-913ba25e0d72"},{"trades":[[{"side":"buy","price":70700.0,"quantity":0.022,"timestamp":"2024-04-11 00:22:43"}]],"liquidations":[],"receive_time":1712791363.13,"_doc":"76d79022-de3f-4fd4-baf7-f874b6eed705"},{"trades":[[{"side":"buy","price":70700.0,"quantity":0.007,"timestamp":"2024-04-11 00:22:43"}]],"liquidations":[],"receive_time":1712791363.06,"_doc":"e4592b31-c5e9-4781-afb4-b866cf5924fd"},{"trades":[[{"side":"sell","price":70699.9,"quantity":0.001,"timestamp":"2024-04-11 00:22:42"}]],"liquidations":[],"receive_time":1712791362.966,"_doc":"2be915d1-0779-4f95-9ed6-0a4b80e1c53b"},{"trades":[[{"side":"buy","price":70700.0,"quantity":0.002,"timestamp":"2024-04-11 00:22:42"}]],"liquidations":[],"receive_time":1712791362.818,"_doc":"1e136c0c-9d8d-44d5-aa3e-bb227bd5e50b"},{"trades":[[{"side":"buy","price":70700.0,"quantity":0.195,"timestamp":"2024-04-11 00:22:42"}]],"liquidations":[],"receive_time":1712791362.56,"_doc":"b8e269e7-2aab-49e0-85e1-c1c5fd600177"},{"trades":[[{"side":"buy","price":70700.0,"quantity":0.008,"timestamp":"2024-04-11 00:22:40"}]],"liquidations":[],"receive_time":1712791360.419,"_doc":"e096bf2e-3baf-4cbf-be2f-16e2e0648b00"},{"trades":[[{"side":"buy","price":70700.0,"quantity":0.042,"timestamp":"2024-04-11 00:22:40"}]],"liquidations":[],"receive_time":1712791360.065,"_doc":"92b691a0-d365-4c64-9a6a-c31f36404c12"},{"trades":[[{"side":"buy","price":70700.0,"quantity":0.001,"timestamp":"2024-04-11 00:22:39"}]],"liquidations":[],"receive_time":1712791359.868,"_doc":"ebf5c378-411c-482e-9f16-b4b071e97576"},{"trades":[[{"side":"buy","price":70700.0,"quantity":0.005,"timestamp":"2024-04-11 00:22:38"}]],"liquidations":[],"receive_time":1712791358.993,"_doc":"5ba7ad6d-a55c-4994-9b33-c9e55807b0c9"}]