[{"receive_time":1712791381.616,"timestamp":"2024-04-11 00:23:01","asks":[[70691.0,0.5858831686110266],[70701.5,0.012239209332927718],[70702.0,1.032621383950364],[70704.0,0.43315481538603035],[70705.5,0.32411973201083843],[70706.5,1.0303433345831947],[70708.0,0.39594195926394954],[70709.0,0.000622572497859907]],"bids":[[70658.0,0.11452504085632018],[70657.5,0.7008751388407417],[70654.5,0.10184720089990025],[70654.0,1.5556954771522968],[70653.5,3.1304926104889317],[70652.5,0.18696984060729116],[70649.5,0.9737175360278459],[70649.0,0.1578787257072919]],"_doc":"d090a483-47c5-4798-b34f-134e3c804afa"},{"receive_time":1712791381.516,"timestamp":"2024-04-11 00:23:01","asks":[[70689.0,0.09344379435007463],[70691.0,0.48142514521001506],[70693.0,0.17031843618895343],[70695.0,0.0070606380043439195],[70696.5,2.8727174966571627],[70699.5,0.44600875858702344],[70701.5,0.8840230072092086],[70703.0,0.17360113762584278],[70705.5,1.1959503915894925],[70707.0,1.1111519876615705],[70708.0,0.39597586082477876],[70709.0,0.0005942821566782457],[71085.0,0.0],[71087.0,0.0]],"bids":[[70658.0,0.12512469313108873],[70650.0,0.5234776825825804],[70649.5,0.10258441990279242]],"_doc":"8ddc2688-b0b6-44bf-8fb8-ea49e274dc8f"},{"receive_time":1712791381.415,"timestamp":"2024-04-11 00:23:01","asks":[[70695.0,2.879615153337342],[70696.5,0.0],[70699.0,0.11362880690460189],[70700.0,0.0],[70701.0,1.1982172544303349],[70702.5,0.2902904035937887],[70703.0,0.1842028934243571],[70704.0,0.422524848784974],[70732.5,0.3072689328286937],[70733.0,1.5502953556648156],[70753.0,10.123518800183934],[71087.0,0.0011460507233560892]],"bids":[[70660.0,0.36597219765837785],[70658.0,0.10392274769198118],[70654.5,0.786318135191539],[70654.0,0.8711541862686145],[70653.0,0.21930600261752325],[70652.5,3.0578048176576704],[70650.0,0.5128506243146688],[70649.5,0.11317604612500443],[70649.0,1.0289696155070567]],"_doc":"37c904c5-62d9-4270-a242-e92a51d4ef91"},{"receive_time":1712791381.315,"timestamp":"2024-04-11 00:23:01","asks":[[70689.0,0.0],[70696.5,2.8726097076114407],[70698.5,0.0002546815419552468],[70704.0,0.43314255799310947],[70704.5,0.09104865124900073],[70706.5,0.158510961918035],[70707.0,1.9829080387398923],[70733.0,0.0],[70748.5,0.25773772045870974],[71085.0,0.004131500569496226]],"bids":[[70664.0,0.25892623432116757],[70660.0,0.3765325108062793],[70659.5,0.25998740741264775],[70659.0,0.21930910557257363],[70658.0,0.11452180003254264],[70657.5,0.6902577235714842],[70654.5,0.10184431883299258],[70654.0,1.5556373051863066],[70651.0,0.0],[70650.0,1.394565378874166],[70649.5,0.10258006550975218],[70475.0,0.014219719425834613],[70335.0,0.0022638359284910827]],"_doc":"12958c33-822f-449d-999f-7a3d8e035185"},{"receive_time":1712791381.216,"timestamp":"2024-04-11 00:23:01","asks":[[70695.5,0.2193052268924803],[70698.5,2.872870174842861],[70699.0,0.10301686174220318],[70700.0,0.010611543236732917],[70704.0,0.4225233542380735],[70704.5,0.10165858420790136],[70708.5,0.38590645570918714],[70709.0,0.0006225438698883312],[70716.5,0.6081404685350057],[71085.0,0.0]],"bids":[[70660.0,0.11036004966202234],[70659.5,0.8577805603602265],[70659.0,0.2299026214048976],[70658.0,0.10392238009840438],[70657.5,0.7008429102511045],[70654.0,0.87115110483851],[70335.0,0.0]],"_doc":"17d2937e-1f33-4d1a-8213-1061434bc277"},{"receive_time":1712791381.115,"timestamp":"2024-04-11 00:23:01","asks":[[70691.0,0.5858437943243597],[70695.5,3.0917843638691695],[70696.5,0.0],[70699.0,0.11362599348465073],[70700.0,0.0],[70707.0,1.297863234258994],[70707.5,0.0934361923761217],[70708.5,0.38592656260500785],[70709.0,0.05721622682753425],[70717.0,0.8593186826402374],[70718.0,0.0],[70754.0,0.10392017459155269],[70788.5,1.105614448370632],[71083.5,0.010498130639473396],[71084.0,0.0001131873923393358],[71085.0,0.004131339820385757]],"bids":[[70667.5,0.002475974207422971],[70658.0,0.12511451380709332],[70657.5,1.5613917804730526],[70654.5,0.7862986661573234],[70654.0,0.0],[70653.0,3.090072404560037],[70476.0,0.0],[70335.0,0.0022637478467867162]],"_doc":"eaf7bede-fdbd-4f7f-9596-3c38c7370b44"},{"receive_time":1712791381.016,"timestamp":"2024-04-11 00:23:01","asks":[[70691.0,0.4813689530890223],[70696.5,2.872396339932161],[70697.5,0.10424190119797543],[70709.0,0.05724249894774818],[70709.5,0.17618409278208308],[70718.0,0.010610942711520301],[70740.0,3.1936673893897645],[70755.5,0.9001050483328441],[70762.0,5.797592730796846],[70789.5,1.8687284907348785],[71083.5,0.0],[71084.0,0.0]],"bids":[[70672.5,2.6402430613277117],[70660.0,0.3660067839293736],[70659.5,0.2599680964322474],[70658.0,0.10391649895482215],[70657.5,0.6902064535753571],[70654.0,0.8816985997092601],[70653.0,3.774383062105848],[70652.5,0.18695066265337235],[70650.0,0.5234165820738734],[70649.5,0.9736176594382567],[70335.0,0.0]],"_doc":"944ef3fc-0652-4946-bee4-5166d64b9bda"},{"receive_time":1712791380.915,"timestamp":"2024-04-11 00:23:00","asks":[[70691.0,0.5857868451210367],[70694.5,0.0],[70695.5,0.21929514296628513],[70697.5,2.976726418698094],[70700.0,0.010611055304820248],[70701.0,1.198172068872823],[70709.0,0.05721481020359078],[70709.5,0.17621425842871494],[70718.0,0.0],[71084.0,0.00011318458991808265]],"bids":[[70671.0,0.368005546044906],[70660.0,0.12095188240121107],[70659.5,0.8451210367708436],[70657.5,0.7008106846252883],[70654.0,0.0],[70653.5,0.259503968534684],[70653.0,0.9037223582009309],[70652.5,3.0576251043420437],[70652.0,0.26234773135637585],[70650.0,0.5128252288450927],[70649.5,0.9842248977801672],[70335.0,0.0022636917983616532]],"_doc":"25403daf-6843-4b1f-8c17-0834463d0144"},{"receive_time":1712791380.815,"timestamp":"2024-04-11 00:23:00","asks":[[70695.5,3.0918358323517654],[70697.5,0.11485934399439711],[70698.5,0.00025467703768159003],[70701.0,1.1982130161189342],[70702.0,0.16084269802023976],[70702.5,1.162020579319517],[70704.0,0.43313489747480644],[70704.5,0.09104704097116843],[70709.0,0.05724573858109518],[70709.5,0.17619406390271336],[70718.0,0.010611543236732917],[70718.5,0.01774250029181744],[71084.0,0.0]],"bids":[[70660.0,0.3765541489365465],[70659.5,0.2599828092999565],[70658.0,0.9751017823855457],[70654.5,0.10184251762400473],[70654.0,0.010597394512417275],[70653.5,2.3472309177923747],[70653.0,0.9037780631103848],[70652.0,3.1331642560777615],[70650.5,0.10206889721305502],[70650.0,0.5234462047815613],[70630.0,0.40854441461421737],[70628.0,0.024095277509541546],[70335.0,0.0]],"_doc":"aec42ea9-6085-45ec-b870-4314246f56a8"},{"receive_time":1712791380.716,"timestamp":"2024-04-11 00:23:00","asks":[[70695.0,0.007060238406848007],[70695.5,0.21930600261752325],[70698.5,2.8728803367408298],[70700.0,0.0],[70701.0,1.2088288352021506],[70718.5,0.038965724594107035],[70719.0,0.2654593045877401]],"bids":[[70660.0,0.12095787202433589],[70658.0,0.9857026635067737],[70657.5,0.6902479572707014],[70654.5,0.786318135191539],[70653.0,0.21930600261752325]],"_doc":"f3cc9691-bd48-451b-9850-97c373f9bdd7"},{"receive_time":1712791380.615,"timestamp":"2024-04-11 00:23:00","asks":[[70694.5,0.10442017092082177],[70695.0,2.8726017318467374],[70695.5,0.22637104533363517],[70696.5,0.0],[70700.0,1.2088544909162942],[70701.0,0.0],[70702.0,1.0325994679947932],[70703.0,0.1735949968872036],[70704.0,0.42253381628841474],[70704.5,0.1016611013639708],[70706.5,0.843497085290622],[70707.0,0.42611353217499576],[70709.5,0.1762267247721999],[70710.5,0.10286377270926482],[71084.0,0.00011319259720414285]],"bids":[[70657.5,0.7008602637387514],[70653.5,3.130440319203124],[70653.0,0.9038004414511291],[70650.5,0.11266908144207369],[70650.0,0.5128615088573207],[70568.5,0.8687673326164469],[70567.5,1.2487124342068028]],"_doc":"85b0c40b-65f0-4fe3-9a72-6d1852f0b2f3"},{"receive_time":1712791380.515,"timestamp":"2024-04-11 00:23:00","asks":[[70689.0,0.09343420945589853],[70691.0,0.26207984493656333],[70701.0,1.1981621587207267],[70701.5,0.012238127071373747],[70704.0,0.4331165133363752],[70704.5,0.09104317653675152],[70707.5,0.9651850044036036],[70709.5,0.17618658545643615],[70710.0,0.07098113701396773],[70710.5,0.1028851561422311],[70719.0,0.2760581912331151],[70735.0,1.2203039724394549],[70741.5,0.32969372849043055],[71084.0,0.0],[71085.0,0.0]],"bids":[[70672.5,2.7604687273408954],[70661.5,0.0],[70660.0,0.11035536549909275],[70659.5,0.9142800550362015],[70658.0,0.9750603948033941],[70654.5,0.1018381949823679],[70653.5,3.8146595784566517],[70650.5,0.10206456496287886],[70650.0,0.5234239874364661],[70595.5,0.16169890670373474],[70593.0,0.7539110719679687],[70335.0,0.002263699805109595]],"_doc":"3a39ad4f-c3dc-41d9-9ffa-247258f07996"},{"receive_time":1712791380.416,"timestamp":"2024-04-11 00:23:00","asks":[[70691.0,0.3664968873797397],[70693.0,0.19861346915676287],[70696.5,2.8724674589700054],[70698.5,0.00025466893039049235],[70700.0,0.010611205432937181],[70701.0,0.0],[70702.5,0.29028013582342954],[70703.0,1.0453027730616864],[70704.5,0.1016553480475382],[70705.0,0.5957413695529146],[70709.5,1.0479485002829654],[70710.0,0.07101018675721563],[70710.5,0.10285795132993775],[70711.0,0.07072722127900397],[70829.0,0.007074136955291454],[70905.0,0.0001414827391058291],[71087.0,0.0],[71087.5,0.0]],"bids":[[70669.0,0.25514997170345216],[70660.5,0.0],[70660.0,0.9815082059988681],[70659.0,0.21929824561403508],[70658.0,0.11451612903225807],[70657.5,0.6902235427277872],[70654.5,0.7862903225806451],[70654.0,0.0],[70653.5,3.1302490096208264],[70336.5,0.001089417091114884],[70335.5,0.00025466893039049235]],"_doc":"cef22f08-a332-4b8a-97a3-5163699c4152"},{"receive_time":1712791380.316,"timestamp":"2024-04-11 00:23:00","asks":[[70688.0,0.0],[70693.5,0.10520619267758674],[70695.0,0.00705996370980578],[70698.0,0.3168636217330867],[70698.5,2.8727827080407895],[70699.0,0.10301321797814807],[70701.0,0.01061116790050969],[70701.5,1.210422996523074],[70702.5,1.1619794780012804],[70703.0,0.20189515458703103],[70704.5,0.09104382058637314],[70705.0,0.6063504302828584],[70705.5,0.3240933641293006],[70707.0,1.1110458720788339],[70707.5,0.09343487041995466],[70710.5,0.974614549326014],[70711.0,0.0707552675605986],[70727.5,0.10207943520290322],[70735.0,1.2167755490395125],[70738.5,0.331096734943637],[70741.5,0.3261590048139332],[70770.5,0.0003112609250816176],[70771.0,2.437144746941331],[71087.5,0.001966603117561129]],"bids":[[70672.5,2.6720477078108806],[70664.5,0.34590992533274856],[70663.5,0.5765118261466251],[70661.5,0.5227061307791073],[70660.5,0.8711627364079781],[70660.0,0.12095316584194311],[70659.5,0.2599736135624874],[70659.0,0.22989448962050926],[70657.5,1.3746980238468314],[70654.0,2.870759512027759],[70653.0,0.21929746994386692],[70652.5,0.1869546301831134],[70652.0,0.2623505151722016],[70650.5,0.11266230665567821],[70649.5,0.9736383218791671],[70648.5,0.2787341584105885],[70648.0,0.06791147456326202],[70642.0,1.9179473756813255],[70640.0,0.5544123004658302],[70595.5,0.1581771428369311],[70593.0,0.7503934974763106],[70336.5,0.0],[70335.5,0.0]],"_doc":"2f0deaf7-b410-470d-a707-bb801b5e2ecc"},{"receive_time":1712791380.115,"timestamp":"2024-04-11 00:23:00","asks":[[70691.0,0.3665396710849809],[70695.0,2.8727886319498244],[70696.0,0.33066960985117816],[70696.5,0.0],[70698.5,0.0002546986596483036],[70699.0,1.3013403516963993],[70705.5,1.1959800061552177],[70708.0,0.395985666125432],[70709.0,0.05722229886765221],[70716.5,0.5975796552370644],[70718.0,0.01061244415201265],[71088.0,0.0]],"bids":[[70652.5,0.8715080636888148],[70652.0,3.133472710099863],[70651.0,0.18394903196821927],[70649.5,0.10258696013612228],[70648.5,0.28936597721154494]],"_doc":"0e8f4715-11a2-4714-98c5-d0978ed2df6e"},{"receive_time":1712791380.016,"timestamp":"2024-04-11 00:23:00","asks":[[70691.5,0.16280673951416919],[70693.5,0.11227807040195832],[70694.5,0.0],[70696.5,2.8728187314063764],[70697.5,0.10425517614639306],[70698.5,1.2091647770887648],[70699.0,0.10302415004368727],[70703.0,0.17360297993215207],[70704.5,0.7760699845414251],[70706.5,0.15851937274267663],[70708.5,0.3859337580609216],[70709.0,0.05724978863847806],[70716.5,0.6081834936379298],[70717.0,0.8593977169418199],[70754.0,0.10400048109066083]],"bids":[[70654.0,0.010598144263524484],[70652.5,0.18697447035809417],[70652.0,0.9468996183111595],[70651.0,3.0549822951561953],[70650.5,0.28602254758729495],[70649.5,0.11318365282233958],[70648.0,0.9390748202100526],[70476.0,7.074862659228627e-05],[70335.0,0.0],[70334.5,0.0]],"_doc":"f0ec1e8e-3b49-4aaf-bc12-13e5275b5b10"},{"receive_time":1712791379.915,"timestamp":"2024-04-11 00:22:59","asks":[[70685.0,0.0],[70693.5,2.9851491803394676],[70694.5,0.010612782034682572],[70695.0,0.0],[70703.0,0.8586589688620975],[70705.0,0.595829884179172],[70706.5,1.0304162333114002],[70707.0,0.42615272500866713],[70718.0,0.0],[70818.0,0.7517670282087746],[71087.5,0.0019669022704278368],[71088.0,0.002249909791352705]],"bids":[[70654.0,0.0],[70653.5,0.25954619744019697],[70653.0,1.090569481883981],[70652.5,0.197581700733697],[70652.0,0.2623904230254919],[70651.5,0.10208081279760009],[70650.5,0.9705742930118368],[70648.5,0.2787765584870418],[70648.0,0.9497166387196739],[70334.5,0.07324234641535599]],"_doc":"f3fa8310-6432-4923-9409-436e8671fbd6"},{"receive_time":1712791379.816,"timestamp":"2024-04-11 00:22:59","asks":[[70693.0,0.17031843618895343],[70693.5,0.11227687888671142],[70705.5,0.32412431816734705],[70706.0,0.3365476451569542],[70707.0,1.2979688284859248],[70708.5,0.3859579616122026],[70709.0,0.057220881943019664],[70717.0,0.848776415488125],[70718.0,0.010612181369254388],[71087.5,0.0]],"bids":[[70654.0,0.8712034921151492],[70653.5,1.8768703969663312],[70652.5,0.18697248615110332],[70651.5,2.9730804332599914],[70651.0,0.18394447706707606],[70649.0,0.15788095962418727],[70640.0,1.7517740029855604],[70639.5,0.07073372621987024],[70632.0,1.3486526067054836],[70334.5,0.0]],"_doc":"8f20a9ef-15ef-4f52-8b82-c79e1adeec18"},{"receive_time":1712791379.715,"timestamp":"2024-04-11 00:22:59","asks":[[70686.0,0.1662380297086094],[70688.5,0.0007782679293474224],[70695.0,2.872869933741099],[70698.5,0.0002547058677864291],[70699.0,1.3013771804767953],[70700.0,0.0],[70701.0,0.8718298847809707],[70704.0,0.4225711849836741],[70705.0,1.2808733581199876],[70706.0,1.208451989712713],[70708.5,0.3859501413263808],[70709.0,0.05725221894799402],[70717.0,0.8594341992153645],[70756.0,0.0],[71087.5,0.0019668953123507583]],"bids":[[70653.5,1.1413935948549414],[70653.0,0.21933005281609175],[70648.5,0.28937416645735975],[70648.0,0.9391146848545523],[70634.0,1.2549641112357126],[70478.0,0.0014574835767779]],"_doc":"2fc46a19-19e0-4972-89ab-ae3810fa071b"},{"receive_time":1712791379.616,"timestamp":"2024-04-11 00:22:59","asks":[[70685.0,0.09346330072354804],[70688.0,0.19745608293381925],[70693.5,0.10523820475171157],[70695.0,2.873303023333982],[70698.5,1.1987758062518796],[70699.0,0.10304456277531092],[70700.0,0.8719656093548216],[70701.0,0.0],[70701.5,0.012241937481203672],[70702.0,0.17150034496789146],[70703.5,0.990040157800697],[70704.0,1.1077891980823322],[70705.0,1.4679286004918004],[70706.0,0.336617899410901],[70716.5,0.5976895996603393],[70717.0,0.8701823907159411],[71087.5,0.0],[71088.0,0.0]],"bids":[[70632.5,0.0011463548392803438],[70632.0,0.17213720876749164],[70334.0,0.0]],"_doc":"d8702ca8-60b1-4111-acf6-0ec4f7362dc9"},{"receive_time":1712791379.515,"timestamp":"2024-04-11 00:22:59","asks":[[70688.0,0.09343487041995466],[70691.5,0.2671609112870993],[70695.0,0.0],[70716.5,0.6081189582662766]],"bids":[[70672.5,2.672061856034748],[70667.5,0.0],[70666.5,0.13157848196632016],[70657.5,0.6902211013684869],[70654.0,0.0],[70653.5,1.130627013911241],[70640.5,1.2012266510092988],[70334.0,0.01065361257211173]],"_doc":"7cffa88b-2ea0-4ee1-ac48-b832443eccd8"},{"receive_time":1712791379.415,"timestamp":"2024-04-11 00:22:59","asks":[[70693.5,2.9776210468978253],[70696.0,0.3200186756555049],[70703.5,1.6746828145061738],[70704.5,0.09104382058637314],[70706.0,1.20825831827137],[70707.5,0.09343487041995466],[70708.5,0.38592110242960376],[70709.0,0.05721541731954825],[70716.5,0.597507790365767],[70717.0,0.8486953569066323],[70786.0,0.9972658557376354]],"bids":[[70667.0,0.0],[70655.0,0.0],[70654.0,0.8711202917363762],[70653.5,0.259506722174865],[70653.0,0.22989448962050926],[70648.5,0.2787341584105885],[70648.0,0.9495721930808111],[70640.5,2.21637586171526],[70639.5,1.2679072300961018],[70334.5,0.0732312067373842]],"_doc":"db4bbba7-e4ce-4cff-9ba3-df47144dcb88"},{"receive_time":1712791379.315,"timestamp":"2024-04-11 00:22:59","asks":[[70689.5,0.3691341167481446],[70690.0,0.18567072523647477],[70693.5,2.977891288814053],[70694.5,0.0],[70696.0,0.3306614218908077],[70697.5,0.11486625114080949],[70698.5,0.0002546923528621053],[70699.0,1.30130812822345],[70701.5,0.02285156388179445],[70702.5,0.29030683353732306],[70709.0,0.057249181093337674],[70709.5,0.17620465945509986],[70710.0,0.07098841857273236],[70717.0,0.8593885968573793],[71088.0,0.0022497824502819303]],"bids":[[70657.5,0.07098841857273236],[70655.0,0.8712034921151492],[70649.0,0.2427784105782224],[70648.5,0.28935881200166963],[70640.5,3.4138962977636598],[70638.5,0.0],[70570.0,0.028624590546668837],[70567.5,1.2488981018344925]],"_doc":"8997a3eb-d14e-469a-ba8d-24d4a7590b69"},{"receive_time":1712791379.216,"timestamp":"2024-04-11 00:22:59","asks":[[70689.5,0.0012450304890989092],[70690.0,0.0017260649962507605],[70692.5,0.0007074036869880166],[70693.0,0.17736025240163553],[70694.0,0.15753880109223128],[70694.5,2.8723985229411015],[70697.0,0.10520507632885782],[70698.5,1.198398438052659],[70699.0,0.11362318020401523],[70700.0,0.0],[70701.0,0.8717052673278534],[70702.5,0.300887084223483],[70703.5,0.989728498464934],[70704.5,0.7759794004046349],[70706.0,0.3365119339001995],[70707.5,0.9651815905264498],[70708.0,0.39590554745971335],[70709.5,0.544035879515004],[70710.0,0.2549341407167414],[70712.5,0.0707262206250619],[70716.5,0.6081125054823786]],"bids":[[70672.5,2.6312729021943664],[70657.5,0.9421202303306405],[70654.5,0.10183783477879486],[70653.5,0.27010087576576447],[70652.5,0.10206420395863103],[70652.0,0.9467890946647614],[70651.0,3.054597416561735],[70650.5,0.2859891625755153],[70649.0,0.25334955645788826],[70648.0,0.938965209886674],[70647.0,0.5551562654744556],[70638.0,0.0],[70335.0,0.0022636917983616532]],"_doc":"d6030273-b71c-4e8e-8dc7-a7c33775a1d4"},{"receive_time":1712791379.116,"timestamp":"2024-04-11 00:22:59","asks":[[70691.0,0.2620761370509361],[70692.5,0.00776721006483286],[70693.0,3.0426524527194077],[70694.0,0.16814807216855837],[70694.5,0.010610942711520301],[70695.0,0.10436923251051368],[70695.5,0.2192928160380862],[70697.0,1.3033350192942308],[70698.5,0.0002546626250764872],[70700.0,0.871681869789585],[70701.0,0.010610942711520301],[70701.5,0.012237953927286747],[70703.5,1.6746472745793646],[70706.0,1.2082326767517781],[70706.5,0.15849918826288256],[70707.5,0.09343288755584009],[70708.0,0.3959296423758608],[70711.0,0.07072547015318664],[70723.5,0.10656216067089454],[70746.5,0.40076823225231406],[70753.5,1.6842961584850404],[70802.5,10.344692937002833],[71088.0,0.0],[71088.5,0.0],[71089.0,0.0]],"bids":[[70672.5,2.7681544387341854],[70670.5,0.2712722874009203],[70657.5,0.07098013277826314],[70654.5,0.9729385591047194],[70652.5,0.11265991574911487],[70651.5,0.10206312096120992],[70651.0,3.0546074481743872],[70650.0,0.5128197872859684],[70647.0,1.4367923827579254],[70646.0,0.0],[70644.5,0.16339436983379726],[70638.5,1.197154852560951],[70637.5,0.0],[70630.0,0.09343288755584009],[70577.5,0.33009935379358885],[70527.5,0.0],[70336.5,0.0010893901183827508],[70335.5,0.0002546626250764872]],"_doc":"caa6019f-cd3a-4f57-8cc2-92d09aff6dff"},{"receive_time":1712791379.015,"timestamp":"2024-04-11 00:22:59","asks":[[70690.5,0.028295947312946105],[70691.0,0.26913690286708686],[70692.0,0.0],[70694.5,2.8724489435000673],[70695.5,0.2299045719176871],[70696.5,0.0],[70697.0,1.303353777155267],[70697.5,0.10424226990089344],[70698.5,0.8719396164484342],[70700.0,0.010610980242354788],[70700.5,0.5632308312641922],[70701.0,0.0],[70701.5,0.6971696978700226],[70702.0,0.16083416452678564],[70703.5,0.9897214971385724],[70706.0,0.3365095534192115],[70707.5,0.09346151397466097],[70709.5,0.1761847159440589],[70725.0,0.07451737724864356],[70748.0,0.6678833924011234],[70751.5,0.24904678027489513],[70816.5,1.7192193148136359],[70927.0,1.7179884411055226],[71089.0,0.00024051555216004187]],"bids":[[70672.5,2.7417075189405997],[70670.5,0.17168566032130048],[70669.0,0.3153300368554714],[70657.5,0.9421135657845405],[70654.0,0.0],[70651.5,0.1126603142264949],[70650.5,0.9704236610711431],[70650.0,3.312776327610478],[70649.5,0.10257280900942962],[70646.0,0.010596832268698316],[70645.5,0.22786726371115498],[70644.5,1.0344290938930272],[70636.5,0.002475895389882784],[70634.0,0.26708544668689826],[70629.0,0.5250171544180585],[70612.5,0.0709803838345253],[70610.0,0.5359818340018251],[70569.5,1.1848362018349923]],"_doc":"d3633977-9145-4dd0-a4b5-2a59f22f9686"},{"receive_time":1712791378.915,"timestamp":"2024-04-11 00:22:58","asks":[[70687.5,0.3120260328239955],[70688.5,0.10427277872099604],[70690.0,0.18565365025466893],[70690.5,2.911290322580645],[70691.0,0.2620826259196378],[70692.0,0.10432937181663837],[70694.0,0.1575410299943407],[70696.5,1.1981607243916241],[70697.0,0.10520656479909452],[70697.5,0.9759337860780984],[70698.5,0.010865874363327675],[70701.0,0.6849320882852292],[70701.5,0.012238256932654215],[70702.5,0.29028013582342954],[70706.0,0.3365449915110357],[70706.5,1.0302490096208263],[70708.0,0.3959111488398415],[70709.0,0.057215619694397285],[70714.0,0.10568760611205433],[70716.5,0.5975099037917374],[70722.0,0.0],[70731.5,0.4214912280701754],[70735.0,1.220316921335597],[70737.5,0.09343520090548953],[70738.0,0.10186757215619695],[70741.5,0.32969722693831355],[70743.5,0.17788624787775892],[70752.5,6.073938879456707],[70754.0,0.10391907187323146],[70769.0,1.0220005659309563],[70771.5,0.15773910582908884],[70772.5,3.6937323146576118],[70802.5,7.074136955291455e-05],[70804.0,17.241312959818902],[70812.5,0.01697792869269949],[70922.5,0.0],[70999.0,0.19956140350877194],[71016.0,0.0012167515563101302],[71029.5,0.0027164685908319186],[71054.5,3.6785512167515564],[71089.0,0.0],[71089.5,0.0],[71091.0,0.0],[71093.0,0.0],[71093.5,0.0]],"bids":[[70672.5,2.409663271080928],[70671.5,0.0],[70671.0,0.36782682512733444],[70670.5,0.20888511601584606],[70669.5,0.0],[70669.0,0.3774193548387097],[70664.5,0.21922750424448217],[70663.5,0.3925863044708546],[70663.0,0.4785795132993775],[70660.5,0.0],[70660.0,0.11035653650254669],[70654.0,0.8711233729485003],[70650.5,0.9810413129598189],[70650.0,0.4421052631578947],[70649.5,2.9733163554046405],[70649.0,0.24275608375778154],[70648.5,0.2787351443123939],[70646.0,0.871066779852858],[70645.5,0.23846915676287492],[70643.0,0.16048387096774194],[70637.5,1.197184493491794],[70636.0,0.0],[70628.0,0.00025466893039049235],[70609.0,0.8932654216185625],[70597.0,0.0006508205998868138],[70595.5,0.16170062252405207],[70593.0,0.7539190718732315],[70592.0,0.31743067345783815],[70589.5,0.22123655913978493],[70566.0,0.41898698358800224],[70549.0,28.136304470854554],[70530.0,0.012705149971703453],[70338.0,0.0026032823995472553]],"_doc":"7be8b963-3546-42ce-868e-b53a475247de"},{"receive_time":1712791378.816,"timestamp":"2024-04-11 00:22:58","asks":[[70669.5,0.0],[70671.0,0.0],[70671.5,0.0],[70673.0,0.057675708565040826],[70675.5,0.00032545174116681524],[70681.0,0.0],[70681.5,0.0],[70683.5,0.006622235428959545],[70684.0,0.0],[70684.5,0.00019810105984067016],[70685.0,0.0],[70687.0,0.0],[70687.5,0.0],[70688.0,0.0],[70688.5,0.0007782541636597755],[70689.0,0.0],[70689.5,0.5267082678892332],[70691.0,3.134935121902902],[70692.0,0.0],[70692.5,0.0007075037851452505],[70693.0,0.1703244612358676],[70694.0,0.16817364972902604],[70694.5,0.0],[70695.0,0.0],[70695.5,0.21932617339502766],[70696.0,0.3200605623240084],[70696.5,0.0],[70697.0,0.977048577209888],[70698.0,0.34521939692377357],[70698.5,0.00025470136265229017],[70700.0,0.0],[70701.0,0.0],[70701.5,0.6972874304877531],[70702.5,0.21932617339502766],[70705.0,0.5958172376222213],[70706.0,1.2084730653308995],[70707.5,0.09344709994198469],[70708.5,0.38594331479673416],[70709.0,0.241173890280313],[70712.5,0.0],[70714.0,0.12692617905505796],[70716.0,0.35860536853872166],[70716.5,0.06516109861187758],[70720.0,0.10318235202558333],[70722.5,0.6256880474310538],[70727.0,3.1590185507492463],[70727.5,0.1070311726167735],[70738.0,0.10541806398664233],[70751.5,0.10666327064849797],[70769.0,0.8667487371057435],[70770.0,0.5196898303405924],[70777.5,1.305669935334154],[70803.0,2.8135727526142267],[70812.0,0.2210524826307821],[70818.0,2.1667586421587357],[70908.5,1.917788060166122],[71069.0,0.005490229372727144],[71070.0,0.02388532778650366],[71070.5,0.001400857494587596],[71075.5,0.0060986826279520595],[71077.0,0.00700428747293798],[71083.5,0.010499356171555518],[71084.0,0.00011320060562324009],[71085.0,0.0041318221052482635],[71087.0,0.001146156131935306],[71087.5,0.0019668605227037964],[71088.0,0.0022498620367618965],[71088.5,0.01409347540009339],[71089.0,0.0002405512869493852],[71089.5,0.005787380962488149],[71091.0,0.029375557159230802],[71093.0,0.00045280242249296035],[71093.5,0.0012169065104498309]],"bids":[[70672.5,1.9205048747010796],[70672.0,0.06792036337394405],[70671.5,1.105757665803512],[70671.0,0.4910500771179126],[70670.5,0.39924438595746486],[70670.0,0.05444949130477848],[70669.5,0.09344709994198469],[70669.0,0.5595505935956757],[70668.0,0.21034087532368298],[70667.5,0.3716234381853943],[70667.0,0.6193205133647465],[70666.5,0.0],[70665.0,0.13507662265993123],[70663.5,0.18395098413776514],[70662.5,0.0],[70660.5,0.010598406701475853],[70660.0,0.21471324871588063],[70658.0,0.1039323060378373],[70657.5,0.07099092980147444],[70657.0,2.443619023361775],[70656.0,0.389098781678482],[70654.5,0.10185224490951027],[70651.0,0.18395098413776514],[70650.0,0.44211911533726705],[70649.0,3.6418191337323655],[70648.5,0.20803441298410946],[70648.0,0.06792036337394405],[70647.5,0.16050430869805155],[70646.5,1.7954182054873993],[70646.0,0.0],[70645.5,0.2279011192709881],[70644.0,0.7212718088041771],[70643.0,1.0316820194988043],[70641.5,0.1615231141486607],[70641.0,0.07193898487356908],[70636.0,1.197351105828416],[70634.0,0.26604972336602],[70631.5,1.718172942225241],[70627.5,0.13228905774645894],[70623.0,0.5873837925032899],[70620.0,0.23193389084631602],[70613.5,0.0024762632480083767],[70610.0,0.0],[70605.0,0.15983925514001499],[70596.0,0.013400121690651044],[70574.0,0.2613235980812497],[70548.0,0.425888978506035],[70507.0,7.075037851452505],[70497.0,0.0024762632480083767],[70492.0,0.019003551669001428],[70480.5,0.0],[70338.0,0.0],[70336.5,0.0],[70335.5,0.0],[70335.0,0.0],[70334.5,0.0],[70334.0,0.0],[70333.5,0.0],[70331.0,0.0],[70330.5,0.0],[70330.0,0.0]],"_doc":"0f70d24a-7dee-4ace-86a6-8619893cacd2"},{"receive_time":1712791378.715,"timestamp":"2024-04-11 00:22:58","asks":[[70687.0,0.1335965359144167],[70688.0,0.007061187524763684],[70688.5,2.873719363785589],[70690.0,0.0017263825210845078],[70690.5,0.028301352804664063],[70692.0,0.1134035206882889],[70699.5,0.4177279673968416],[70700.0,0.9426756098941529],[70756.0,7.075338201166016e-05],[71069.0,0.0],[71070.0,0.0]],"bids":[[70649.0,0.08610686590819042],[70648.5,1.079314541235071],[70647.5,0.9476849493405785],[70646.0,3.5511688458708326]],"_doc":"15905a30-21e9-499e-a788-478ea2c3abe3"},{"receive_time":1712791378.615,"timestamp":"2024-04-11 00:22:58","asks":[[70685.0,0.4572491758280629],[70688.5,0.0007781880951370319],[70690.0,0.012337818526536214],[70690.5,2.9009437299262846],[70692.0,0.10277742405591635],[70699.5,0.41770307172064464],[70700.0,0.9425272719555159],[70701.0,2.3573015266635537]],"bids":[[70669.0,0.9643306874938099],[70668.5,0.0],[70660.0,0.31941084086760896],[70649.0,0.9572562502652914],[70647.5,0.2630700227796879],[70646.0,4.235196740099325],[70644.5,0.16340535110431964],[70570.0,0.028764661771156105],[70569.0,0.16457970768425373],[70478.0,0.0015280784413599898],[70330.0,0.0021364800430125784]],"_doc":"e27c0dc9-0f44-40c0-ba20-40282b3a26c3"},{"receive_time":1712791378.515,"timestamp":"2024-04-11 00:22:58","asks":[[70685.0,0.3529378471116771],[70692.0,0.11339629983374014],[70692.5,0.22002900703951325],[70699.0,0.10302451448583254],[70700.0,0.9426155859775726]],"bids":[[70660.0,0.21509073543457496],[70647.0,0.5552230358343061],[70644.5,3.034391029042414]],"_doc":"fb6c4dd9-625c-48ab-97ee-ed9fd0d78565"},{"receive_time":1712791378.415,"timestamp":"2024-04-11 00:22:58","asks":[[70690.0,0.0017263641991686566],[70690.5,0.028301052445387814],[70692.5,0.23065357742991066],[70693.0,1.3686954983638453],[70697.5,0.1042610772088087],[70698.0,1.00197046077651],[70700.0,0.07073848058724684]],"bids":[[70647.5,1.1343627841160344],[70647.0,3.4264933227204386],[70644.0,0.5646059962854869],[70641.5,0.17212700097284866]],"_doc":"fd0d23c0-81ff-4bc0-a3c7-acd1b8bd8b86"},{"receive_time":1712791378.315,"timestamp":"2024-04-11 00:22:58","asks":[[70688.5,2.8732924439539604],[70690.0,0.012337556682725298],[70690.5,1.2264691525711497],[70691.5,0.16279349448559322],[70693.5,0.10520879758342352],[70695.0,0.871721952220265],[70696.5,0.010611430633077951],[70697.0,0.17593751989643244],[70699.0,0.974780166528718],[70700.0,0.07075701946136378],[70700.5,0.4208493389078716],[70758.0,0.0],[71070.5,0.0]],"bids":[[70668.5,5.6594296709749076e-05],[70649.0,0.08609407386970579],[70648.0,0.0785104381105994],[70647.5,0.2630644396810911],[70646.0,1.3643045622077434],[70644.0,3.4352596617075912],[70642.5,0.1417121189612117],[70480.0,0.014148574177437269],[70330.0,0.0]],"_doc":"718b8a56-dd07-43aa-8236-96fe7b6c83de"},{"receive_time":1712791378.215,"timestamp":"2024-04-11 00:22:58","asks":[[70688.0,0.0],[70691.5,3.035389246338159],[70692.5,0.22001110667001517],[70693.5,2.1751387449462882],[70694.0,0.15754493072479864],[70695.0,0.0],[70696.5,0.0],[70697.0,0.18654961038226045],[70698.0,0.3168725881017145],[70700.0,0.07072897249153735],[70700.5,1.2926324576513992],[71069.0,0.005489666198583015],[71070.0,0.023882877688680748],[71070.5,0.001400713798092058]],"bids":[[70668.5,0.0],[70649.0,0.09669169794102146],[70648.0,2.9387682915182536],[70645.5,0.3304552673559405],[70644.5,0.1634024611531836],[70642.5,0.15230993976223237],[70641.0,0.9430058044730876],[70640.5,1.2012606424182828],[70330.0,0.002136442257695967]],"_doc":"051267c2-7980-4e92-b193-c64238a5691c"},{"receive_time":1712791378.115,"timestamp":"2024-04-11 00:22:58","asks":[[70685.0,0.45727829070713505],[70688.0,2.8727581449644486],[70688.5,0.000778237645477378],[70689.0,0.10527432877003078],[70691.0,0.26211043899678094],[70692.0,0.10278396830450316],[70692.5,0.23064133856875021],[70693.5,0.10521772966854151],[70694.0,1.3558739255014327],[70697.5,0.7892744702677845],[70698.5,1.046573985637978],[70699.0,0.10302451448583254],[70700.5,0.420913368000283],[70701.5,0.08297428278326081],[70708.5,1.0130531677809615],[71069.0,0.0]],"bids":[[70660.0,0.3194311790300329],[70648.0,0.07851710354098129],[70647.5,1.134302592946337],[70646.0,0.6798967066397821],[70645.5,3.201514025964838],[70644.5,0.8479252891860342],[70641.0,0.08253563974671901],[70640.5,2.072503449007747],[70634.0,1.4633556192295447],[70632.5,0.0],[70330.5,0.001202730906646857]],"_doc":"7753c061-c4c3-44c4-96ae-5d4883b2f98a"},{"receive_time":1712791378.015,"timestamp":"2024-04-11 00:22:58","asks":[[70685.0,0.3529378471116771],[70688.5,0.011390569174714352],[70692.0,0.11339629983374014],[70692.5,0.22002900703951325],[70698.5,1.0466022851887227],[70699.0,0.7880575895857653]],"bids":[[70660.0,0.21509073543457496],[70647.5,0.2736849552513354],[70646.0,2.2356220594998053],[70641.5,0.16151968587498675],[70641.0,0.07193745799285436],[70640.5,2.0831016307616115],[70609.5,0.06965934415791149],[70330.5,0.0]],"_doc":"237eea60-c781-4e39-8c38-0d5a6464fe2e"},{"receive_time":1712791377.916,"timestamp":"2024-04-11 00:22:57","asks":[[70698.0,1.6057976960595333],[70698.5,1.0464148153911994],[70699.0,0.787966031556274],[70700.0,0.9424439312001075],[70746.5,1.3163231741607806]],"bids":[[70668.5,5.659049350447242e-05],[70667.0,0.0],[70648.0,0.06790859220536691],[70647.5,1.1447266502318443],[70647.0,0.5551385936554983],[70646.0,1.3642128792889405],[70645.5,0.33043189157261443],[70644.5,3.0339578330085275]],"_doc":"7f9ed94b-c49c-4869-b76d-0b5e4d430cc8"},{"receive_time":1712791377.815,"timestamp":"2024-04-11 00:22:57","asks":[[70698.0,1.6060248038542897],[70698.5,1.918358106530644],[70699.0,0.7880352885411287],[70731.5,0.42506137291385154],[70738.0,0.003565642487743104],[70748.0,2.2776248859206643],[70812.5,1.7273698434371663],[70922.5,1.7166304678490827],[71070.0,0.0]],"bids":[[70651.0,0.5596926755760564],[70646.0,1.5510544821682501],[70645.5,3.2014375764950582],[70644.5,0.16341113131327423],[70644.0,0.5645600605593248],[70592.0,0.32097857077163616],[70589.5,0.22477697047732917]],"_doc":"9d50958a-2d37-4ba1-814d-087006394934"},{"receive_time":1712791377.715,"timestamp":"2024-04-11 00:22:57","asks":[[70698.5,1.6278692989872334]],"bids":[[70647.0,1.2397564832272694],[70646.0,0.6798943015518711],[70644.5,1.0345996158349575],[70644.0,3.435539157596103]],"_doc":"3b937407-0fd3-429a-a018-330d52d3f48b"},{"receive_time":1712791377.615,"timestamp":"2024-04-11 00:22:57","asks":[[70685.0,0.45725564548078557],[70689.5,0.37810572188578867],[70692.0,0.1027788782613617],[70692.5,0.23062991680344105],[70694.0,0.15754994623351634],[70695.0,0.8717669364423567],[70695.5,0.3457184900107533],[70696.5,0.010611805987888393],[70697.0,0.17594374327918955],[70698.0,0.3168826758729979],[70698.5,1.6277661440941762],[70702.0,0.10517007187729922],[70883.5,0.001669590808761107],[71070.5,0.0],[71075.5,0.0]],"bids":[[70667.0,5.6596298602071426e-05],[70664.5,0.13165713962306866],[70660.0,0.3194153602354406],[70648.0,0.07851321523572358],[70647.0,2.110872148961458],[70646.0,3.5507810289207087],[70645.5,0.33046578753749506],[70644.5,0.16340766313883073],[70643.5,0.23345973173354462],[70633.5,0.22422038598675648],[70632.5,1.1972522497028695],[70330.0,0.0],[70329.5,0.0]],"_doc":"1838fa1a-ee03-48d9-a320-53274a2fcc55"},{"receive_time":1712791377.515,"timestamp":"2024-04-11 00:22:57","asks":[[70681.5,0.10394020537599796],[70685.0,0.3529241141700949],[70687.0,0.14064329450550228],[70689.0,2.97791659739442],[70689.5,0.38872165291244104],[70690.0,0.0017262054255202492],[70691.0,2.30021117718013],[70692.0,0.11339188754196129],[70693.5,1.3034690361901797],[70694.0,1.0293136564780456],[70695.0,0.0],[70695.5,0.3563340773467374],[70697.0,1.0477783948411927],[70698.0,1.0018783095921133],[70699.5,0.41768511607670294],[70700.0,0.07073197477193219],[70700.5,0.4208686916565559],[70701.0,0.4258633680107251],[70701.5,0.710064697330395],[70702.0,0.2116582537734214],[70713.0,1.6735844584914803],[70731.5,0.4215195559973258],[70738.0,2.8298449598692612e-05],[70751.5,0.002730800386273837],[70814.5,0.0],[70924.5,0.0],[71070.5,0.0014007732551352843],[71075.5,0.006098315888518258]],"bids":[[70669.0,0.9642979685250495],[70664.5,0.13171513365711476],[70660.0,0.2150823661748632],[70659.5,0.5156119009129787],[70658.0,0.0],[70649.0,0.08609803290402226],[70648.5,0.20802190299998938],[70648.0,0.06791627903686227],[70647.5,0.26307653669424585],[70647.0,0.5552014319015497],[70646.0,0.6904680209833004],[70645.5,3.201389453875296],[70644.5,0.8478922961008274],[70643.5,1.1046158308601668],[70642.5,0.1417186355902526],[70642.0,0.7208039589530989],[70641.5,1.0326245750810927],[70641.0,0.082532428254587],[70634.5,0.31125464713602],[70633.5,1.4214877202415273],[70592.0,0.3174520075981337],[70589.5,0.2212514281873782],[70433.5,24.761143398856035],[70418.5,0.0]],"_doc":"3f8509fc-18ee-4546-a07c-808253af07e2"},{"receive_time":1712791377.415,"timestamp":"2024-04-11 00:22:57","asks":[[70681.5,0.0],[70688.5,0.0007783257505536727],[70689.0,0.11234778424810195],[70690.0,2.8748098408677625],[70691.0,0.27275364574857247],[70691.5,0.1628257470158283],[70693.0,0.17034012835299195],[70694.0,0.15757558604391173],[71070.0,0.023887524853356355]],"bids":[[70647.5,0.9477177366287174],[70646.0,0.0],[70329.5,9.905964097955833e-05]],"_doc":"cee6bcce-26e2-4084-99e6-0cb530f78968"},{"receive_time":1712791377.316,"timestamp":"2024-04-11 00:22:57","asks":[[70690.0,0.0017263641991686566],[70691.5,3.0358114442380826],[70693.5,0.1052233129919519],[70694.0,1.3559317237109756],[70758.0,7.075263111346954e-05],[70818.0,0.7517750066330592],[71070.0,0.0]],"bids":[[70647.5,0.2631007340585478],[70647.0,3.4264650216679935],[70646.0,0.6845458565490404],[70642.5,1.0129229680728753],[70641.0,0.07194127531617582],[70634.5,1.5086583532325109],[70633.5,0.22424338905103033],[70570.5,1.662502874325639],[70569.0,0.16474042628460245]],"_doc":"5c60db85-3b16-4975-a400-ba7171517112"},{"receive_time":1712791377.115,"timestamp":"2024-04-11 00:22:57","asks":[[70685.0,0.45727829070713505],[70693.0,0.18093317768580425],[70693.5,1.3035197566238637],[70695.0,0.8717959602391312],[70699.5,1.1027344440907],[70700.0,0.942587286426828],[70700.5,1.098248965297676],[70701.0,0.4258799391559659]],"bids":[[70660.0,0.4618769677031377],[70480.0,0.014220524249177545]],"_doc":"138879b2-845c-462d-9beb-3780a0527c3a"},{"receive_time":1712791377.015,"timestamp":"2024-04-11 00:22:57","asks":[[70685.0,0.3529378471116771],[70693.0,0.17032084615656726],[70693.5,0.10521772966854151],[70695.0,2.0701121369698257],[70698.0,0.3168983692383883],[70698.5,0.0709894230429092],[70699.5,1.9745728536559481],[70777.0,0.7410095864728148],[71070.5,0.0]],"bids":[[70660.0,0.3575365241076798]],"_doc":"3b0382c5-56e6-47cd-9aa1-3c0e1ed06deb"},{"receive_time":1712791376.915,"timestamp":"2024-04-11 00:22:56","asks":[[70693.0,1.0527380783925286],[70695.0,0.0],[70698.0,1.1887646809112777],[70699.0,0.10302815904910145],[70699.5,1.1027593038064243],[70700.0,0.07073722937597283],[70800.5,0.1390264610159898],[71070.5,0.0014008773171076837]],"bids":[[70647.0,0.555242677232206],[70646.0,2.8711334371020234],[70329.5,0.0]],"_doc":"cef52f3b-4c31-4403-8406-03c05d302c0c"},{"receive_time":1712791376.815,"timestamp":"2024-04-11 00:22:56","asks":[[70688.5,0.007839280597426763],[70689.0,0.10527842535172403],[70690.0,2.8746104238376393],[70699.0,0.7880741052571999],[70700.0,0.9426098153736217],[70760.0,0.5324343159555538]],"bids":[[70651.0,0.18395423784575438],[70649.0,0.6547638841229805],[70647.0,3.4264165360709495],[70646.0,0.0],[70642.0,0.7314586509786719],[70641.0,0.9431192271091945],[70634.5,0.31127887108699265],[70633.5,1.4215983500719898],[70482.0,0.00019810456383388933],[70329.5,9.905228191694466e-05]],"_doc":"57b16956-bcda-4fd8-8ce2-33cce771070f"},{"receive_time":1712791376.615,"timestamp":"2024-04-11 00:22:56","asks":[[70685.0,0.45729244048250733],[70692.5,0.23064133856875021],[70693.0,0.17032084615656726],[70699.5,0.4177296685415119],[70700.5,1.0982206657469313],[70712.5,0.021224663058473946],[70713.5,0.0],[71070.0,0.02388482082846935]],"bids":[[70660.0,0.46189111747851]],"_doc":"4f800b29-d45b-46d1-819e-b96390bc1e90"},{"receive_time":1712791376.515,"timestamp":"2024-04-11 00:22:56","asks":[[70685.0,0.3529365986182793],[70693.0,0.18093253764711292],[70693.5,1.3035151455122378],[70695.0,0.8717928763207884],[70696.5,0.0],[70697.0,0.1865641283238589],[70697.5,0.10425517614639306],[70700.5,1.0982450803173784],[70701.5,0.08297398926743335],[70712.5,0.010612293988842942],[70713.5,0.010612293988842942]],"bids":[[70660.5,0.0],[70660.0,0.35753525934677793],[70649.0,0.0861010785628124],[70648.5,0.21862740589548305],[70648.0,0.9391314191113265],[70647.5,0.9476071045770824],[70642.5,0.14172364878966787],[70642.0,1.6025695901178318],[70330.0,0.0021366085230870454]],"_doc":"26c79dbc-b8e6-499e-8342-46c2176bd6cb"},{"receive_time":1712791376.415,"timestamp":"2024-04-11 00:22:56","asks":[[70700.0,1.6273157481484626],[70701.5,0.0829884911119128]],"bids":[[70669.0,0.9642283668979762],[70649.0,0.09668314835642892],[70648.5,1.0790625950526636]],"_doc":"a5eca52c-6702-4a56-b267-c48dfb5227de"},{"receive_time":1712791376.315,"timestamp":"2024-04-11 00:22:56","asks":[[70690.0,2.874655082143514],[70690.5,0.028300952327045804],[70700.5,1.0982750569556665],[70701.5,0.9549024324668525]],"bids":[[70648.0,0.7524798709476573],[70647.5,0.26309980330838134],[70647.0,0.5552505341804752],[70646.0,2.8711457640549605],[70330.0,0.0]],"_doc":"01a6d65c-315c-45c8-b5c0-9038482328a6"},{"receive_time":1712791376.216,"timestamp":"2024-04-11 00:22:56","asks":[[70700.5,1.9699893880438628],[70701.5,0.08299964626812875],[70702.5,0.2903006720905554]],"bids":[[70649.5,0.10258224266006367],[70649.0,0.9678811460912629],[70647.5,0.947576936681995],[70647.0,3.426147859922179],[70643.0,0.16049522461973822],[70642.5,0.15231694375663246],[70636.0,0.0],[70634.5,1.5085249380969226],[70330.0,0.002136540502299257]],"_doc":"bdefd1d2-67eb-4d1d-8c83-ce8a90faa75c"},{"receive_time":1712791376.115,"timestamp":"2024-04-11 00:22:56","asks":[[70685.0,0.45729244048250733],[70693.5,0.11583006119777849],[70694.0,0.15755774877073828],[70695.0,1.1983161767306945],[70702.5,0.29033924086455126],[71070.0,0.0]],"bids":[[70660.0,0.46189111747851]],"_doc":"27906f36-1cb1-4c62-a7a0-4ecb5db2db34"},{"receive_time":1712791376.015,"timestamp":"2024-04-11 00:22:56","asks":[[70685.0,0.3529378471116771],[70690.0,0.0017262725954225477],[70690.5,2.9010859952598254],[70693.0,0.17032084615656726],[70693.5,0.10521772966854151],[70694.0,1.3664721072552972],[70701.0,0.4258799391559659]],"bids":[[70660.0,0.3575365241076798],[70649.5,0.1131840532031554],[70648.5,0.2080299975237893],[70647.5,3.818670628603771],[70646.0,0.0],[70643.0,0.17109908380204464],[70642.0,1.5919770773638968],[70636.0,1.1973256924546323],[70634.0,0.2660440765502848],[70611.5,0.12313134528989353]],"_doc":"3b090b81-a10b-498a-9aac-9509a0ec207c"},{"receive_time":1712791375.915,"timestamp":"2024-04-11 00:22:55","asks":[[70690.0,2.8742138809697297],[70691.0,0.26208447994114276],[70693.0,0.18091525831393826],[70693.5,1.303390657828649],[70695.0,0.0],[70696.5,0.8717096187720627],[70701.0,0.4258660573433598],[70702.5,0.2902821893193925],[70818.0,2.1664980652098556],[71070.0,0.023882455308823634]],"bids":[[70669.0,0.7449967812449154],[70649.0,0.9572223912166894],[70648.5,0.21860652664492533],[70648.0,0.06791219519096768],[70647.5,0.9475166066539803],[70647.0,0.5551680473121626],[70646.0,2.870705084218196],[70643.0,0.16048500626065548],[70642.0,1.6024165422788785],[70635.5,2.676065903126083],[70634.0,1.463210690511393],[70570.5,1.662391499656902],[70570.0,0.028622160598193253],[70330.0,0.0]],"_doc":"a9a0a964-bac4-460e-9b85-b84ac93d7418"},{"receive_time":1712791375.815,"timestamp":"2024-04-11 00:22:55","asks":[[70695.0,1.1982935491630466],[70695.5,0.3457331654238535],[70701.0,0.4258769261245454],[70701.5,0.9548200868790061],[70760.0,0.5324805795706988],[71070.0,0.0]],"bids":[[70651.0,0.44933708771383696],[70647.0,3.426244817681434],[70646.0,0.0],[70643.0,0.17109787330380768],[70642.5,0.14172314745376594],[70636.5,0.07321041982086511],[70635.5,3.8736292502087077],[70330.0,0.002136600965007853]],"_doc":"1d310e0d-0d2a-4b5e-8695-eaf1bc74f82e"},{"receive_time":1712791375.715,"timestamp":"2024-04-11 00:22:55","asks":[[70690.5,0.02830025151848537],[70691.0,3.134974512085976],[70694.0,0.1575616503291673],[70695.5,1.5440900231000803],[70698.5,0.8369516384076864],[70699.5,0.41771171241284405],[70700.0,0.7557723669269111],[70701.5,0.08297633745219911],[70702.5,0.2903464304539007]],"bids":[[70651.0,0.7351131833184168],[70649.5,0.10258841175450947],[70649.0,0.9679393525609958],[70636.5,1.2705680921739193],[70634.5,0.3112744664518206],[70482.0,0.00026885238942561104]],"_doc":"68cc4980-91df-4699-816c-eee2d27b5c61"},{"receive_time":1712791375.615,"timestamp":"2024-04-11 00:22:55","asks":[[70685.0,0.4573490395839966],[70693.5,0.11583006119777849],[70694.0,1.3558597757260604],[70695.5,0.3457356114471683],[70697.5,0.114867876472461],[70698.0,0.3168983692383883],[70701.0,1.297718348721214],[70701.5,0.08300258233400545],[70702.5,0.29031094131380664],[70703.5,0.005532562170575542],[70713.5,0.021224663058473946]],"bids":[[70660.0,0.4619477165799993],[70650.0,0.6260568113481199],[70649.5,0.973801690898157],[70648.5,0.2080299975237893],[70648.0,0.752442604973646],[70647.0,0.5552230358343061],[70646.0,2.8709894230429094],[70643.0,0.16050090204818],[70642.5,0.15232233188298136],[70642.0,1.5919770773638968],[70636.0,0.0],[70634.5,1.5085783013194665]],"_doc":"39913f61-7989-4eb0-97d7-8966ac009b1f"},{"receive_time":1712791375.516,"timestamp":"2024-04-11 00:22:55","asks":[[70685.0,0.3529378471116771],[70690.5,2.9010859952598254],[70692.5,0.22002900703951325],[70694.0,0.16817008029997524],[70694.5,0.14241748912236019],[70714.0,0.10569882203120025],[70729.0,0.8384873890126994],[70740.0,4.1209947292086735],[70763.0,0.0],[71070.0,0.02388482082846935]],"bids":[[70660.0,0.3575365241076798],[70653.5,0.2595351798790194],[70652.5,0.10207647953588737],[70650.5,0.2860235593759949],[70650.0,1.4972726307969861],[70649.5,0.10258587144929074],[70649.0,0.0966995648944073],[70647.5,0.2630867734974707],[70647.0,3.4262690579787045],[70483.0,0.00025469595670168737]],"_doc":"8353b8ee-3c5c-4413-9f95-f3f3bf00645f"},{"receive_time":1712791375.415,"timestamp":"2024-04-11 00:22:55","asks":[[70690.5,0.028298349498765484],[70692.5,3.0927549150695786],[70693.0,0.17031361645832008],[70693.5,0.10521326343641008],[70694.5,0.15302332491457435],[70695.0,0.0],[70695.5,1.5439862470021437],[70696.5,0.8717731038337189],[70697.0,0.1759449880085744],[70698.0,0.32749679874921295],[70701.5,0.0829707607303804],[70702.5,1.1621141696910529],[70703.5,0.005560625676507417],[70713.5,0.010611881062037056],[70714.0,0.11630621643992614]],"bids":[[70660.5,0.010597731887287675],[70653.5,0.1020721466420471],[70652.5,0.7351628216284285],[70650.5,1.1571902568782675],[70649.5,0.11317924882031255],[70648.5,0.892515794016314],[70647.5,3.134013908638779],[70644.5,0.16340881918062128],[70643.0,1.042199913690034],[70642.0,0.720801409257805],[70641.5,0.161512829764204],[70636.0,1.1972748689432688],[70634.5,0.3112535461369216],[70330.0,0.0],[70329.5,0.0]],"_doc":"7b17e765-b89c-45a9-951c-344e8a7f8aea"},{"receive_time":1712791375.315,"timestamp":"2024-04-11 00:22:55","asks":[[70693.0,0.18093637794718503],[70693.5,1.303542812671348],[70695.0,0.8718113801581265],[70696.5,0.0],[70697.0,0.18656808815465978],[70697.5,0.1042573889665175],[70701.0,0.42588747192104287],[70701.5,0.9548720307055557],[71069.0,0.005490209951005536]],"bids":[[70649.5,0.9738189150467835],[70649.0,0.08610290606151724],[70648.5,0.21863204627058386],[70646.0,0.0],[70644.5,3.034430549905372],[70642.5,0.1417266568795656],[70642.0,0.7314431257406654],[70329.5,9.90501795284504e-05]],"_doc":"33796318-341e-4555-a44f-42279f7411a5"},{"receive_time":1712791375.215,"timestamp":"2024-04-11 00:22:55","asks":[[70702.5,0.2902750022106287],[70713.5,0.021222035546909542],[70714.0,0.10568573702360952],[70714.5,0.5363374303651959],[71069.0,0.0]],"bids":[[70660.0,0.4618905296666372],[70647.0,0.5551543018834556],[70646.0,2.8706906004067556],[70643.0,0.16048103280572995],[70642.5,0.15230347510832082],[70636.0,0.0],[70634.5,1.5083915465558404],[70570.5,1.6622088601998408],[70570.0,0.0287629321779114]],"_doc":"db2e9e5c-0293-4f44-964f-1ec97576c442"},{"receive_time":1712791375.116,"timestamp":"2024-04-11 00:22:55","asks":[[70685.0,0.4573490395839966],[70690.0,0.0017262725954225477],[70690.5,2.9010859952598254],[70702.0,1.1287134316742722],[70702.5,0.29033924086455126],[70714.0,0.11631115356043722],[70714.5,0.5470161661183629]],"bids":[[70660.0,0.47254589833386396],[70647.0,3.4262690579787045],[70645.5,0.3304821535958117],[70643.0,0.17109908380204464],[70642.5,0.1417241501291167],[70636.0,1.1973256924546323],[70634.5,0.3112667586402066],[70329.5,0.0]],"_doc":"6da5bfc1-02f9-4444-90fe-a2ebe3a21df7"},{"receive_time":1712791375.016,"timestamp":"2024-04-11 00:22:55","asks":[[70685.0,0.3529378471116771],[70693.5,0.11583006119777849],[70694.0,0.15755774877073828],[70695.0,1.1983161767306945],[70714.0,0.12692348508967422],[70714.5,0.5364038345891259],[71070.0,0.0]],"bids":[[70660.0,0.3575365241076798]],"_doc":"c24d1f6a-2720-43e9-b855-ef35b562e4ed"},{"receive_time":1712791374.916,"timestamp":"2024-04-11 00:22:54","asks":[[70693.5,0.10521959071050817],[70694.0,1.3664962767745017],[70696.5,0.8718255301837735],[70714.0,0.1163132108176946],[70714.5,0.5470258414843376]],"bids":[[70649.0,0.09670127527106143],[70648.5,1.0792649061676425],[70646.0,0.0],[70645.5,3.2015282027698677],[70329.5,9.90501795284504e-05]],"_doc":"fe157a8a-5aae-46a1-87d1-26b9b249e4be"},{"receive_time":1712791374.815,"timestamp":"2024-04-11 00:22:54","asks":[[70681.5,0.10401004722905206],[70690.0,2.8747669502768294],[70691.0,0.26213362107087895],[70693.5,1.3142483151433675],[70695.0,0.0],[70698.0,0.31692639697168024],[70699.5,1.1028178232182972],[70700.0,0.07074098314258928],[70701.0,1.2978331240160614],[70701.5,0.0829816213538995],[70702.0,1.1288415615658112],[70702.5,0.290336617550811]],"bids":[[70651.0,0.4493800081368404],[70650.0,0.6261121822652256],[70649.0,0.086108998284188],[70648.5,1.0899403887994623],[70647.0,0.5552721419347991],[70646.0,2.87127164664886],[70636.0,0.0],[70634.5,1.5087117258946103]],"_doc":"f61f3d0b-7a0d-447a-a12a-b1d065f4fd2f"},{"receive_time":1712791374.715,"timestamp":"2024-04-11 00:22:54","asks":[[70690.5,0.028298349498765484],[70691.0,3.134763814900496],[70696.5,0.8717589546589695],[70697.0,0.1759449880085744],[70698.0,1.0830202828420032],[70699.5,0.41768363860177854],[70700.0,0.7557215725392816],[70701.5,0.08299905907987917],[70702.5,1.1621141696910529],[70714.0,0.10569433537788908],[70714.5,0.5363810655743504],[70788.5,0.13236552978047555],[71070.5,0.0]],"bids":[[70660.5,0.0],[70651.0,0.735106224929431],[70650.0,1.4972090752806844],[70649.5,0.10258151693302488],[70630.0,0.9903290390587969],[70608.5,0.31689906686192526],[70330.0,0.0021365253871567943]],"_doc":"fd76bc78-b023-4eab-9f59-1d7cf96b2a27"},{"receive_time":1712791374.615,"timestamp":"2024-04-11 00:22:54","asks":[[70685.0,0.4573490395839966],[70690.5,2.9010859952598254],[70691.0,0.26211043899678094],[70701.5,0.9548551416746259],[70702.5,0.29031094131380664],[70802.5,18.189960734373344]],"bids":[[70660.0,0.4619477165799993],[70650.0,0.6260568113481199],[70649.5,0.973801690898157]],"_doc":"df97fb66-9dfc-43fe-82a8-9c1aefa938ab"},{"receive_time":1712791374.515,"timestamp":"2024-04-11 00:22:54","asks":[[70685.0,0.3529365986182793],[70690.5,0.02829945063691451],[70691.0,3.1348857940295236],[70699.5,1.1027163935180109],[70700.0,0.07073447686696782],[70701.0,0.4258784326349265],[70702.5,0.29033821380942443],[70714.5,0.547014231086239]],"bids":[[70660.5,0.010598144263524484],[70660.0,0.35753525934677793],[70650.0,1.4972673342978728],[70649.0,0.09669922282633689],[70648.5,0.20802926163195856],[70648.0,0.06791868152859483],[70647.5,0.9476071045770824],[70647.0,3.4262569377871954],[70645.5,0.33048098453788766],[70642.5,0.15232179305319235],[70641.5,1.032661103466329],[70636.0,1.1973214569972161],[70634.5,0.3112656575554227],[70570.5,1.6625502757427721],[70569.0,0.1645896049042948],[70330.0,0.0],[70329.5,0.0]],"_doc":"5bef730e-1145-44fa-ba22-ba04e0c20b6e"},{"receive_time":1712791374.316,"timestamp":"2024-04-11 00:22:54","asks":[[70690.5,2.9014657548301273],[70699.0,0.10303800065805069],[70700.5,1.0983927288937319],[70714.0,0.12694009969821654],[70714.5,0.5364740512218161]],"bids":[[70636.0,0.0],[70634.5,1.5087616264465618],[70483.0,0.0003254874351236322],[70329.5,9.906139329849675e-05]],"_doc":"d8aa668f-168a-4e22-b517-d69739feeb22"},{"receive_time":1712791374.215,"timestamp":"2024-04-11 00:22:54","asks":[[70690.5,2.9115747324037327],[70691.0,0.2620993130575659],[70693.5,0.11582514449844712],[70694.0,0.15755106083437684],[70696.5,0.0],[70697.0,1.0477180918422933],[70697.5,0.1148630006154891],[70698.0,0.3168849176871759],[70699.0,0.10304843969975451],[70701.5,0.9547863120883474],[70714.5,0.5469929466363874],[71075.5,0.006098294316983962]],"bids":[[70660.5,0.0],[70649.5,0.10258151693302488],[70648.5,0.21861889905271276],[70647.5,0.2630756061152733],[70645.5,3.201335682096342],[70643.5,0.23346138336481526],[70642.5,1.023423958797603],[70642.0,0.720801409257805],[70330.0,0.0021365253871567943]],"_doc":"3c4ccc15-1553-4143-9be8-316de3e1c8fc"},{"receive_time":1712791374.115,"timestamp":"2024-04-11 00:22:54","asks":[[70685.0,0.4573490395839966],[70700.5,1.0982206657469313],[70701.0,0.4258799391559659],[70701.5,0.9548551416746259],[70714.0,0.11631115356043722],[70766.0,0.0],[71070.5,0.0014008277618592804]],"bids":[[70660.0,0.4619477165799993],[70485.0,0.027549612649899184]],"_doc":"2d26e5f7-8a1d-433d-9886-ae510cfa2596"},{"receive_time":1712791374.015,"timestamp":"2024-04-11 00:22:54","asks":[[70685.0,0.3529378471116771],[70690.5,0.02829955074463193],[70691.0,3.134896883511974],[70695.0,1.1983020269553222],[70695.5,0.3457356114471683],[70700.5,1.9700590753121794],[70701.5,0.08297428278326081],[70714.0,0.12692348508967422],[70714.5,0.5364038345891259],[71070.5,0.0]],"bids":[[70660.0,0.3575365241076798],[70649.5,0.1131840532031554],[70649.0,0.9573172025894089],[70647.5,3.134132795641869],[70645.5,0.3304821535958117],[70643.5,0.24406947539707807],[70643.0,0.16050090204818]],"_doc":"c9100b71-e39f-49b4-8690-9cdb6c6de03e"},{"receive_time":1712791373.915,"timestamp":"2024-04-11 00:22:53","asks":[[70694.0,0.1681748395723817],[70695.0,0.0],[70695.5,1.544095485386406],[70696.5,0.8718347825471732],[70697.0,0.17595743627114566],[70700.5,1.0982517457779413],[70701.0,0.42592029205962884],[70714.5,0.5470316468682124],[70755.0,0.7401815467557185],[70760.5,2.34189654806461],[70804.5,0.0],[70810.0,3.821693634543409],[70854.0,0.00025470316468682126],[70859.5,5.674050700079948],[71070.5,0.0014008674057775167]],"bids":[[70647.0,0.5552387488414544],[70645.5,3.2015621794100793],[70603.0,2.7678026899484225],[70602.5,0.1387424738752379],[70553.5,3.8205474703023183],[70553.0,0.5178964348632031],[70504.0,5.6600703263738055],[70499.5,0.0],[70330.0,0.0]],"_doc":"cbcf0458-39c3-49dc-a306-c4b074dabbbb"},{"receive_time":1712791373.815,"timestamp":"2024-04-11 00:22:53","asks":[[70690.5,2.9011680970136053],[70691.0,0.26211785681437094],[70694.0,0.1575622077104308],[70694.5,0.14242151958738086],[70695.0,1.208948571185997],[70698.0,0.32751996943562023],[70698.5,0.07099143206854346],[70700.5,1.0982800461295732],[70701.5,0.954853864059261],[70714.5,0.5364190150062614],[71070.5,0.0]],"bids":[[70650.5,0.28603165394330027],[70649.5,0.9738292498284291],[70649.0,0.09670230152609646],[70648.5,0.2080358848458692],[70648.0,0.7524638993639496],[70647.5,0.2630942189456704],[70647.0,3.426366022597831],[70643.0,0.17110392596628013],[70642.5,0.14172816097240007],[70636.0,1.1973595771927465],[70634.5,0.31127556759892744],[70570.0,0.02862580567563552],[70569.0,0.1647363468491096],[70329.5,0.0]],"_doc":"5f490a08-c8bf-4662-929b-2490077b512a"},{"receive_time":1712791373.715,"timestamp":"2024-04-11 00:22:53","asks":[[70690.5,0.028298349498765484],[70691.0,3.134763814900496],[70693.5,0.10521326343641008],[70694.0,1.3558022228353532],[70694.5,0.15302332491457435],[70695.0,0.0],[70696.5,0.0],[70697.0,1.0477180918422933],[70697.5,0.10425111955345205],[70698.0,0.3168849176871759],[70698.5,0.08159829077969027],[70699.5,0.41768363860177854],[70700.0,0.7557215725392816],[70701.0,0.4258618616069218],[70701.5,0.9548146104378462],[70714.0,0.11630621643992614],[70714.5,0.5469929466363874],[70750.5,1.0207497647699697],[70782.0,1.2763687557923185],[71070.0,0.02388380697695807],[71070.5,0.0014007683001888915]],"bids":[[70660.5,0.010597731887287675],[70660.0,0.46192810804309836],[70650.5,0.2966091502713104],[70649.0,0.7706065043756323],[70647.5,3.133999759464029],[70645.5,0.3304681254465833],[70642.0,1.591909501878303],[70327.5,0.0]],"_doc":"26c8369f-9aa4-4c88-9012-6ea446751fee"},{"receive_time":1712791373.615,"timestamp":"2024-04-11 00:22:53","asks":[[70685.0,0.4573490395839966],[70690.5,2.9010859952598254],[70699.5,1.1027202943153278],[70700.0,0.07076302663695214],[70714.0,0.12692348508967422]],"bids":[[70660.0,0.47254589833386396]],"_doc":"2c135718-5cfa-43bb-b3c2-5912f089afec"},{"receive_time":1712791373.516,"timestamp":"2024-04-11 00:22:53","asks":[[70685.0,0.3529378471116771],[70688.5,0.000778237645477378],[70690.5,2.9011001450351976],[70693.5,0.11583006119777849],[70694.0,0.15755774877073828],[70695.0,1.1983161767306945],[70699.5,1.1027485938660724],[70700.0,0.07073472708620751],[70713.5,0.0],[70714.0,0.11631115356043722]],"bids":[[70660.0,0.3575365241076798]],"_doc":"5413a933-f3c2-4dba-a136-1b28ab861545"},{"receive_time":1712791373.416,"timestamp":"2024-04-11 00:22:53","asks":[[70685.0,0.4573846349781369],[70690.0,0.001726406950910609],[70690.5,2.901311786265159],[70693.0,0.17033410219763115],[70693.5,0.1052259187456663],[70694.0,1.3665784595355683],[70694.5,0.14242857345012525],[70696.5,0.8718779628397979],[70697.0,0.17596615110306082],[70697.5,0.11487681661878954],[70699.0,0.10303253286541102],[70700.0,0.07076853411068816],[70713.5,0.010613157485106202],[70714.0,0.10570704855165777],[70714.5,0.5364455828038547],[70723.0,0.8124018282932628],[70779.5,0.002731119192833996],[71070.0,0.0],[71070.5,0.0]],"bids":[[70649.0,0.09670709100428772],[70648.5,1.0793298144820072],[70642.5,0.152334187102891],[70642.0,0.8712128716373979],[70618.0,1.4992712298526893],[70606.5,9.90561365276579e-05]],"_doc":"f1badc4a-a9d5-40d7-a4d6-22c546666890"},{"receive_time":1712791373.315,"timestamp":"2024-04-11 00:22:53","asks":[[70690.0,2.874415017987202],[70690.5,0.038910368198202344],[70691.0,0.26210024018309097],[70693.0,0.18092613750924122],[70693.5,1.3034690361901797],[70694.5,1.0141739859427452],[70695.0,0.0],[70696.5,0.0],[70697.0,0.18655752897938105],[70697.5,0.10425148832158358],[70699.0,0.10304880421363914],[70700.0,0.07073197477193219],[70714.0,0.11630662785062663],[70714.5,0.5469948815179289],[70724.5,0.6439878175174477],[70734.5,2.5838323882830267],[70772.5,3.5373061998365762],[70780.5,0.0],[71070.0,0.023883891461296564],[71070.5,0.0014007732551352843]],"bids":[[70660.5,0.0],[70649.0,0.08609803290402226],[70648.5,1.089801592495251],[70648.0,0.06791627903686227],[70647.5,0.9475735848122221],[70646.0,0.0],[70645.5,3.2013753046504965],[70643.0,0.16049465689898515],[70642.0,0.881708943371265],[70616.5,2.376758483344594],[70606.0,0.3244841723234088],[70329.5,9.904457359542414e-05],[70327.5,0.0014007732551352843]],"_doc":"49e24228-e78e-4e43-a476-6a20751b524c"},{"receive_time":1712791373.115,"timestamp":"2024-04-11 00:22:53","asks":[[70688.5,0.1051801283978565],[70700.0,0.07072847213625029],[70700.5,1.0981518490352475],[70713.5,0.010611393099057355],[70714.0,0.10568947526661125],[70714.5,0.536356401322887],[71069.0,0.0]],"bids":[[70669.0,0.964306810745804],[70660.5,0.010597244574925278],[70660.0,0.4619068673399006],[70643.0,0.17108395380506872],[70642.5,0.14171161770687796],[70329.5,0.0]],"_doc":"8611a83b-b26f-4872-bac4-14c78c6d9497"},{"receive_time":1712791373.015,"timestamp":"2024-04-11 00:22:53","asks":[[70684.5,0.40344243333203633],[70688.5,0.000778190847768184],[70700.0,0.07075877144888525],[70700.5,1.0981546265214515],[70714.0,0.11630415943008132],[70714.5,0.5469832724340041],[70766.0,7.074462252438036e-05],[71070.0,0.0]],"bids":[[70669.0,0.9749033451594761],[70660.0,0.3575150243892086]],"_doc":"9e232c21-56bc-4d6d-bd44-df4f431aee36"},{"receive_time":1712791372.915,"timestamp":"2024-04-11 00:22:52","asks":[[70700.0,0.0707359782089605],[70700.5,1.098268390611458],[70701.0,1.2977413021561102],[70701.5,0.08297575039354758],[70714.0,0.10570069158250349],[70715.0,0.09419672073155633]],"bids":[[70642.5,0.15232502608910978],[70642.0,0.8711604789783681],[70485.0,0.02762085006279074]],"_doc":"2604e60c-0dd8-444f-b87c-93f60d2a3d23"},{"receive_time":1712791372.815,"timestamp":"2024-04-11 00:22:52","asks":[[70694.0,0.15755942084354782],[70695.0,1.1983288937941965],[70701.0,0.42588445878303566],[70701.5,0.9548228252448822],[70714.0,0.11631238790605865],[70714.5,0.5364095271448635],[70715.0,0.10480849844527693],[71070.5,0.0]],"bids":[[70649.5,0.10258696013612228],[70649.0,0.9679256562912337],[70643.5,0.2334737713442783],[70643.0,0.16050260535503932],[70642.0,0.8817526097768911],[70636.0,0.0],[70634.5,1.5085943110224382]],"_doc":"b30ea9cf-ad13-46b1-98ea-4f660100bb00"},{"receive_time":1712791372.715,"timestamp":"2024-04-11 00:22:52","asks":[[70694.0,1.3557111074168526],[70695.0,0.0],[70699.5,1.1025993824300282],[70700.0,0.0707552675605986],[70700.5,1.0981002472402122],[70701.0,1.2975760555459268],[70714.5,0.5469561864877388],[70768.0,0.21929746994386692],[70796.0,1.7727441541307507]],"bids":[[70666.5,0.13166337130952424],[70665.5,0.0],[70655.5,0.8549630200798667],[70646.5,1.8977578602226224],[70636.5,0.07320291028964951],[70488.0,0.0],[70329.5,9.903756707142377e-05]],"_doc":"34906355-f10e-476a-8878-aa2b8aa921e4"},{"receive_time":1712791372.615,"timestamp":"2024-04-11 00:22:52","asks":[[70688.5,0.10513768282546027],[70690.5,0.028297048264152944],[70691.0,3.1346196699856748],[70699.0,0.1030154042056488],[70699.5,1.102651079709248],[70700.0,0.07072847213625029],[70700.5,1.2926091647065066],[70702.0,1.1286136214916083],[70714.0,0.10568947526661125]],"bids":[[70669.0,1.1836089347929895],[70665.0,0.10683550572130944],[70660.0,0.46186442176750436],[70648.0,0.7523760677714306],[70647.0,0.5551739384185487],[70643.5,1.104532833418814],[70643.0,0.17108395380506872],[70642.0,0.0],[70330.0,0.0021364271439435474]],"_doc":"5ac1f8f7-6f4d-4528-acf3-4766a5125df4"},{"receive_time":1712791372.515,"timestamp":"2024-04-11 00:22:52","asks":[[70685.0,0.3529378471116771],[70690.0,0.0017262725954225477],[70690.5,2.9010859952598254],[70694.0,0.15755774877073828],[70695.0,1.1983161767306945],[70714.0,0.11631115356043722],[70715.0,0.09419505465350737],[71075.5,0.0]],"bids":[[70660.0,0.3575365241076798],[70643.5,0.24406947539707807],[70643.0,0.16050090204818],[70636.0,1.1973256924546323],[70634.5,0.3112667586402066],[70570.0,0.028766493331918355],[70568.5,0.8686688598818494],[70330.0,0.0]],"_doc":"33365d4c-da3a-479c-ab5c-764fdfa53f75"},{"receive_time":1712791372.416,"timestamp":"2024-04-11 00:22:52","asks":[[70685.0,0.45730497256722],[70690.0,2.874502548719273],[70690.5,0.03891174462575745],[70691.0,0.2621095117991022],[70693.5,0.11582965145689109],[70694.0,1.355854979465211],[70695.0,0.0],[70696.0,0.7459310696131112],[70696.5,0.8717928763207884],[70697.5,0.114867470135236],[70698.0,0.5676303808752312],[70700.0,0.07076277631760473],[70700.5,0.42088357959751105],[70702.0,2.0005447644247605],[70703.5,0.005532542599516787],[70715.0,0.10480701543381289],[70818.0,0.7517324569936786]],"bids":[[70660.5,0.0],[70653.5,0.25957671096709833],[70652.5,0.10207611844735064],[70651.0,0.4493386772129286],[70649.5,0.9737982461415468],[70648.0,0.06791868152859483],[70647.0,1.2397423335019508],[70643.5,0.23347046775454472],[70643.0,0.17109847855078514],[70636.0,0.0],[70634.5,1.5085729648273203],[70330.5,0.0012027266520688667],[70330.0,0.0021366085230870454]],"_doc":"1c8fe148-4f5e-41d5-a7cc-9e78d456282c"},{"receive_time":1712791372.315,"timestamp":"2024-04-11 00:22:52","asks":[[70694.0,0.168158778107524],[70695.0,1.1982214927717194],[70696.0,1.617620945919656],[70697.0,0.17594063153277753],[70698.0,0.5782058583207468],[70700.0,0.0707299732233498],[70700.5,0.4208850797109395]],"bids":[[70660.5,0.010597469482754352],[70653.5,0.1020696192905072],[70652.5,0.7351870651447248],[70652.0,0.26236165102632036],[70651.0,1.3204673356702474],[70330.5,0.0]],"_doc":"a9403e24-b860-4095-9c93-09cde555af97"},{"receive_time":1712791372.215,"timestamp":"2024-04-11 00:22:52","asks":[[70685.0,0.3533644406867202],[70685.5,0.061073239067911435],[70687.0,0.13359417285453007],[70688.5,0.0007782734357588343],[70689.0,0.11234023284526155],[70690.5,0.028300852209412156],[70691.0,3.1350410539237363],[70694.0,0.15756499467590218],[70695.0,1.2089699551077733],[70696.0,0.7459680129617903],[70697.0,1.0478107522012756],[70697.5,0.10426033953947439],[70700.0,0.0707662809496351],[70702.0,1.1287653399462991],[70703.5,0.8774254714745098],[70714.5,0.5364285032033027],[70751.5,1.7007821648029375],[71077.0,0.0]],"bids":[[70653.5,0.686140011391093],[70652.0,1.1336472369524226],[70651.0,0.4493609313810462],[70648.0,0.7524772089699551],[70647.5,0.26309887256480013],[70646.0,2.871163907923177],[70643.5,0.24408069988007514],[70643.0,0.16050828330568104],[70636.0,1.197380756128019],[70635.5,2.676454044722422],[70330.0,0.0]],"_doc":"9de9c507-83e0-4f3e-be9c-27d5fd5afb31"},{"receive_time":1712791372.115,"timestamp":"2024-04-11 00:22:52","asks":[[70681.5,0.0],[70685.5,0.08938634442113605],[70687.0,0.10527693564876558],[70688.5,0.007839169670620448],[70689.0,0.10527693564876558],[70690.5,2.90115783404025],[70692.0,0.10278651351513887],[70693.5,0.10522033514572861],[70694.0,1.3665059448215846],[70695.0,0.0],[70696.0,1.6177838780542162],[70696.5,0.0],[70697.5,0.11487072091353212],[70698.0,0.5676464449577796],[70699.0,0.7880629539095029],[70702.0,2.0006013803447678],[70703.5,0.005560999423382376],[70712.5,0.0],[70714.5,0.547029711726563],[70751.5,2.4462737412578752],[70814.5,1.710481351903015],[70924.5,1.7167215573628412],[71075.5,0.006098704202233597],[71077.0,0.007004312250825129]],"bids":[[70660.0,0.46191670528471823],[70651.0,1.320588786732842],[70649.0,0.09670195943866451],[70648.0,0.06792060364436489],[70647.5,0.9476480722222419],[70646.0,2.871117117053378],[70644.5,0.16341980239349377],[70643.0,0.17110332068076256],[70641.5,0.16152368554175525],[70635.5,3.873752577976037],[70634.0,0.266050664525281],[70602.5,2.261260846955777],[70577.0,0.0011461601864986575],[70553.0,4.338428557783807],[70527.5,0.1583965077489626]],"_doc":"5051981c-9062-428e-ad7c-47d252737fe8"},{"receive_time":1712791372.015,"timestamp":"2024-04-11 00:22:52","asks":[[70681.5,0.15545328159104013],[70685.0,0.45736036479024206],[70692.0,0.11339910783457088],[70692.5,0.22003445555622375],[70693.0,0.1703250637640042],[70693.5,1.3035661854444731],[70699.0,0.9749153645603025],[70699.5,0.41771171241284405],[70720.0,0.10672024847620833],[70720.5,0.10287141426969432],[70818.0,2.1667663071355547]],"bids":[[70660.0,0.3575453776845442],[70642.0,0.8711807926192944],[70641.5,0.17212212973542804],[70634.0,1.4633918558951193],[70632.5,0.0],[70330.0,0.0021366689896456454]],"_doc":"25645127-d281-4c8c-b4b9-b9bd5613bdd9"},{"receive_time":1712791371.915,"timestamp":"2024-04-11 00:22:51","asks":[[70684.5,0.1841341035064572],[70689.0,2.9778816937677526],[70690.5,0.028297849009752147],[70692.5,1.4182457455952628],[70693.0,0.18092229764385034],[70697.5,0.10424927575192691],[70698.0,1.252575988567669],[70699.0,0.9748043026879419],[70699.5,0.4177045492329514],[70700.0,0.07073047359987548],[70764.5,0.1934299469061608],[70796.0,0.0],[70817.0,0.0],[71070.0,0.023883384564230812],[71070.5,0.0014007435259827312]],"bids":[[70669.0,1.12345290353617],[70644.5,3.034222711146169],[70643.0,0.1604912506588093],[70642.0,0.8817043794458573],[70641.5,0.16150997322316038],[70640.5,1.2012861372374932],[70543.5,0.004159783804433565],[70542.5,0.7174212170197413],[70489.0,0.0024760617883533126],[70330.0,0.0]],"_doc":"b3c65867-56f3-46e3-ad09-de27037dd517"},{"receive_time":1712791371.815,"timestamp":"2024-04-11 00:22:51","asks":[[70686.5,0.0],[70687.0,0.14064777213362953],[70688.5,0.0007782321395723968],[70690.5,2.922360731821205],[70691.5,0.1628061635985454],[70692.5,0.220027450370014],[70693.0,1.368613190327282],[70694.5,0.14241648154174863],[70695.0,0.8718039420995288],[70696.5,0.010612256448714502],[70697.5,0.7892688862790599],[70698.0,0.5676283729288413],[70698.5,0.07098892080426754],[70699.0,0.10302378560412039],[70699.5,0.4176984138214028],[70700.0,0.942608917125352],[70701.0,0.4258769261245454],[70702.0,0.10517453624439319],[70706.5,0.15851881199326476],[70713.0,2.3672972705276414],[70761.0,0.029219079422127262],[70797.5,0.0006508850621878228],[70803.0,30.316146194444837],[70927.5,0.023757304769855533]],"bids":[[70659.5,0.6126384899466557],[70658.0,0.640980289502356],[70648.0,0.07851654804522236],[70647.0,0.5552191077214778],[70645.5,0.3304798154882345],[70644.0,0.5645720430716115],[70643.5,0.23346964187171904],[70643.0,3.03142642876346],[70641.5,0.17211664992288428],[70640.5,2.0724887863823525],[70640.0,0.5544691749324353],[70632.5,1.197288922219235],[70631.5,0.3112645564784288],[70572.0,1.5803772303425636],[70548.0,27.928529990236726],[70542.0,1.1084289615553322],[70329.5,0.0],[70327.5,0.0]],"_doc":"dadf7764-a83f-4ff2-b600-5513f34803d1"},{"receive_time":1712791371.715,"timestamp":"2024-04-11 00:22:51","asks":[[70681.5,0.2598192869120987],[70688.5,2.873890001344381],[70689.0,0.10528624698398771],[70691.0,0.2621401127864769],[70691.5,0.17343927997792385],[70695.5,0.3457747525277898],[70697.5,0.10426734781962654],[70698.0,1.955338253295502],[70698.5,0.7560939368424032],[70699.0,0.9749732892753787],[70701.0,0.4259564562121008],[70792.0,0.7023328545450686]],"bids":[[70647.5,1.1344310084979021],[70644.5,0.16343425623898847],[70643.5,3.104812175845014],[70643.0,0.16051907251873287],[70640.5,1.2120937670258758],[70640.0,1.4257937153733486]],"_doc":"6801a1d4-6263-476a-ad5e-6ec2e3f83b90"},{"receive_time":1712791371.615,"timestamp":"2024-04-11 00:22:51","asks":[[70681.5,0.36370582346719676],[70688.0,0.0],[70688.5,0.0007782073639640468],[70689.0,2.9779590450688183],[70692.0,0.10277996894245156],[70692.5,1.4182758462120757],[70693.5,0.10521363560793913],[70694.5,1.0141881351675446],[70697.0,0.1759456103798713],[70697.5,0.9760559743333063],[70698.0,1.2526025730365298],[70768.0,0.21938373051386448],[71069.0,0.005489899222146367]],"bids":[[70669.0,0.9041637631278276],[70644.5,1.0345771681034026],[70643.5,0.23346220918921404],[70643.0,3.031358219461551],[70642.0,0.0],[70327.5,0.0014007732551352843]],"_doc":"4ec34f93-54de-4901-b3e3-334834254ed6"},{"receive_time":1712791371.515,"timestamp":"2024-04-11 00:22:51","asks":[[70681.5,0.25936943979681715],[70696.5,0.0],[70697.0,1.7327423673775473],[71068.5,0.06807192050965508]],"bids":[[70669.0,0.6848507787379599],[70647.0,0.56579920127626],[70646.5,0.10258187979526072],[70646.0,0.6845111973427755],[70644.5,0.1634093972076505],[70488.0,7.074612399673153e-05],[70327.5,0.0],[70326.5,0.0]],"_doc":"dab915b4-7785-462b-9125-84596cfad4a4"},{"receive_time":1712791371.415,"timestamp":"2024-04-11 00:22:51","asks":[[70685.0,0.353012764271361],[70696.5,0.8719186030056887],[70698.0,0.5676846007981208],[71068.5,0.0]],"bids":[[70647.0,0.5552741063594939],[70646.5,0.11319446409871792],[70646.0,0.0],[70644.5,0.848017434126737],[70643.5,1.1047604222681346],[70326.5,0.14151076896951859]],"_doc":"fb71faf4-e71a-4659-a3e2-b6c97a5d4f4b"},{"receive_time":1712791371.315,"timestamp":"2024-04-11 00:22:51","asks":[[70681.5,0.2601091580099383],[70688.5,2.8770962977654837],[70690.0,0.0017283941872120081],[70698.5,0.0711050034886645],[70699.0,0.1031511317794314],[70770.0,0.09391413989367542],[71069.0,0.0]],"bids":[[70490.0,0.016901428404458407]],"_doc":"308e867c-92d5-4807-bff8-dba443c15522"},{"receive_time":1712791371.216,"timestamp":"2024-04-11 00:22:51","asks":[[70688.0,0.010611430633077951],[70688.5,0.0007781715797590498],[70689.0,0.10526539188013329],[70690.0,2.8743394384430907],[70691.0,0.2726996186959259],[71070.0,0.0]],"bids":[[70669.0,0.8089588771691533],[70568.5,0.8687366030688257],[70563.5,0.3780781991694787]],"_doc":"0c453ee4-5d0c-4d46-a2ab-19ca9286dbf8"},{"receive_time":1712791371.115,"timestamp":"2024-04-11 00:22:51","asks":[[70688.0,0.0],[70688.5,2.8733879012118595],[70689.0,0.12649183250443924],[70690.0,0.0017261748954744505],[70691.0,0.2620956046210551],[70698.5,0.07098540533274851],[70699.0,0.10304698167000347],[71070.0,0.023883469045580922]],"bids":[[70665.0,0.1670286445989827],[70646.0,1.5556656031354128],[70643.5,0.2334580801256429]],"_doc":"e39d82ee-c981-43bb-b4a4-38db7bd220ec"},{"receive_time":1712791371.015,"timestamp":"2024-04-11 00:22:51","asks":[[70685.0,0.45732074003325196],[70685.5,0.061070430506915706],[70686.5,0.007060737910785667],[70688.0,0.010612331529236973],[70688.5,0.000778237645477378],[70690.0,2.874569316212105],[70691.0,0.2727227705260179],[70691.5,0.16280731543386748],[70693.0,0.17032084615656726],[70693.5,0.9770136899076727],[70694.5,0.14241748912236019],[70695.0,0.010612331529236973],[70698.5,0.07101772259365383],[70699.0,0.10302451448583254],[70707.5,0.0],[71070.0,0.0],[71070.5,0.0]],"bids":[[70660.0,0.4618769677031377],[70647.0,0.5658212175881708],[70646.5,0.10258587144929074]],"_doc":"338aa0f9-ddb3-4900-a2e1-c7c09cf30a18"},{"receive_time":1712791370.915,"timestamp":"2024-04-11 00:22:50","asks":[[70688.0,0.0],[70688.5,2.8738961847616893],[70691.0,0.26214196762141967],[70691.5,0.17344050718895052],[70692.0,1.3012566511943846],[70695.0,0.0],[70695.5,1.3477159515453414],[70698.5,0.07099796218725235],[70699.0,0.10306521000792483],[71070.0,0.023887693875240576],[71070.5,0.0014009962640099626]],"bids":[[70640.0,1.4364032605003962],[70639.5,0.07074323559379599]],"_doc":"c2ee4d3f-2fae-424d-be51-76b0c401d118"},{"receive_time":1712791370.815,"timestamp":"2024-04-11 00:22:50","asks":[[70688.0,2.872528420948379],[70689.0,0.10526539188013329],[70690.5,0.028297148354874537],[70691.0,1.470899920060556],[70691.5,0.16279349448559322],[70693.0,1.0420283395940775],[70694.5,0.15301682972898406],[70696.5,0.0],[70697.0,0.8608982929745255],[70698.0,1.4393485996448707],[70698.5,0.07101169379655765],[70699.5,2.6081623124429636],[70709.0,0.057216833973556314],[70711.5,0.6419491075786837]],"bids":[[70669.0,0.7468749336785585],[70666.0,0.21930289975027767],[70644.5,0.16340188317522303],[70643.5,0.9179028983354203],[70640.0,1.425511294099337],[70639.5,0.08132600437190943],[70326.5,0.0]],"_doc":"df01b6f7-0683-4b7e-8166-b3f94ea464f9"},{"receive_time":1712791370.715,"timestamp":"2024-04-11 00:22:50","asks":[[70684.5,0.4035066616665841],[70685.0,0.45742264612859174],[70685.5,0.06813791737127736],[70687.0,0.13360126228499056],[70688.5,0.011391697504439932],[70689.0,2.9784123794496606],[70690.0,0.001726443596946176],[70690.5,0.9107697532742286],[70692.5,0.2200508027255167],[70693.0,0.18095110060779304],[70694.0,0.15757335616389892],[70694.5,0.14243159674805952],[70695.0,1.0237102971039616],[70697.5,0.10426587231392971],[70698.0,1.4396416921977486],[70700.5,0.4209267605833115],[70777.0,9.905823916904289e-05],[70779.5,2.1254643354961047],[71070.0,0.0]],"bids":[[70646.5,0.11319526501616772],[70646.0,0.8713021205538771],[70645.5,2.1259737778689742],[70640.0,1.43637277030517],[70638.5,0.0],[70625.5,0.346887802392964],[70598.5,2.2675138504645123],[70596.5,0.19873913012714833],[70326.5,0.14151177024148984]],"_doc":"cd77920e-96b3-41ed-8006-d22aee6a39ac"},{"receive_time":1712791370.615,"timestamp":"2024-04-11 00:22:50","asks":[[70686.5,0.0],[70687.0,3.0066120672881325],[70688.0,0.0],[70690.5,0.028302053667769268],[70691.5,1.3612438752586984],[70693.5,0.10522703553676614],[70694.0,0.16818495392071886],[70695.5,0.2750252065165479],[70696.5,0.6850795110820229],[70697.0,0.1759680186793554],[70697.5,0.9762085861355314],[70700.5,0.4315355632993119],[70713.0,1.6737976049387084],[71070.0,0.02388693329559726]],"bids":[[70646.0,0.8818919922876903],[70645.5,0.3305113827322095],[70644.5,0.8480144340473705],[70643.0,0.1605150973767534],[70640.0,0.5651212566111828],[70639.5,0.07074098314258928]],"_doc":"2c5b3bc7-ec4f-4454-bb78-077ecb8b070c"},{"receive_time":1712791370.515,"timestamp":"2024-04-11 00:22:50","asks":[[70685.0,0.46447915376859533],[70686.5,2.873012222949428],[70688.0,0.010613270125413476],[70690.0,0.0123396953991474],[70690.5,1.2267100631489571],[70691.5,0.16282171475067658],[70692.0,0.10279305892133798],[70692.5,1.0919215325562062],[70693.0,0.17033590999946935],[70693.5,0.11584030566217961],[70695.5,0.9601047175985707],[70696.5,0.0],[70697.0,0.1052553375904339],[70697.5,0.9761802840818636],[70699.0,0.10303362637751402],[70814.0,0.0027169971521058497]],"bids":[[70647.5,0.263110041922417],[70646.0,0.8712928731891108],[70645.5,0.3411105018307891],[70643.5,0.23349194275909646],[70643.0,0.8450851714927564],[70642.0,2.871257495622026],[70640.5,1.201464631277307],[70640.0,0.5545221375126033],[70639.5,0.08134010224116887],[70638.5,0.8712221180549413],[70632.5,0.0],[70631.5,1.5087117258946103],[70564.5,1.771963278085366],[70563.5,0.378285249323404],[70326.5,0.0],[70326.0,0.0]],"_doc":"6675e78d-1fa4-4b33-86d6-0c24aba33ec9"},{"receive_time":1712791370.415,"timestamp":"2024-04-11 00:22:50","asks":[[70688.0,0.0],[70689.0,0.10526911539985286],[70690.0,0.0017261871073631784],[70690.5,0.028298149301035712],[70691.5,0.17341105891674685],[70692.0,1.3010357122644178],[70693.0,1.0420651989359895],[70695.0,0.0],[70696.5,0.68497085290622],[70697.5,0.1042786801743166],[70699.0,0.9748146471220782],[70700.0,0.07073122417793876],[71069.0,0.005489840964400928]],"bids":[[70664.0,0.07499009564774464],[70657.5,0.09921331144943121],[70646.0,0.0],[70645.5,1.0149555719055974],[70641.0,0.07193389552323277],[70640.5,1.2118965419661554],[70326.0,0.0024760880638406246]],"_doc":"431dec31-3673-4d0b-9c9b-2e84c4d33439"},{"receive_time":1712791370.316,"timestamp":"2024-04-11 00:22:50","asks":[[70685.5,0.06107539967523623],[70686.5,0.007061312427697609],[70688.0,2.8730060459834363],[70688.5,0.0007783009689847064],[70689.0,0.11589608974517719],[70690.0,1.2000976413942908],[70691.5,0.16282056271160059],[70693.0,0.1703347047939802],[70693.5,0.10522629100673231],[70695.0,0.8824942423416954],[70697.0,0.10522629100673231],[70697.5,0.7893386918175804],[70698.0,0.567678575850736],[70699.5,0.41773535644415516],[70700.0,0.9426639827075676],[70700.5,0.42091931495363805],[70706.5,0.7673764535655029],[70712.5,0.021226390063219264],[71069.0,0.0],[71070.0,0.0]],"bids":[[70648.0,0.06792444820230165],[70647.5,1.1343948886852728],[70646.5,0.10259421863889312],[70646.0,0.6951784254971397],[70643.5,3.104727470840247],[70641.0,0.08254235549250531],[70640.0,1.4257341677663116],[70326.0,0.0]],"_doc":"6d417e78-fc83-4712-a82a-dc9b2247b21d"},{"receive_time":1712791370.215,"timestamp":"2024-04-11 00:22:50","asks":[[70685.5,0.06813671210293384],[70686.5,0.0],[70688.5,0.01139149600059434],[70689.0,0.10528289471356755],[70690.5,0.038915048449235316],[70693.0,1.3687483859099223],[70693.5,0.9771073383168181],[70694.0,0.15757056890263102],[70696.5,0.0],[70697.0,0.7903009548337797],[70697.5,0.10426402799053303],[70698.0,0.5677068777041536],[70699.0,0.10303289736686631],[70701.5,0.08298103422047852],[70711.0,0.0],[70712.5,0.010613195031609632],[70770.0,0.0938772477862644],[71069.0,0.005490559563019384],[71070.0,0.02388676428447608]],"bids":[[70648.0,0.939225307517326],[70646.5,0.11319326274379393],[70646.0,0.0],[70645.5,0.3305090442110328],[70643.5,3.7892927013057767],[70642.0,0.0],[70640.0,1.4363332118712124],[70490.0,0.016952810197157785],[70326.5,0.14150926708812844],[70326.0,0.0024764121740422475]],"_doc":"b739ff7d-4df6-496d-b35e-9960f884ffc2"},{"receive_time":1712791370.115,"timestamp":"2024-04-11 00:22:50","asks":[[70681.5,0.0],[70685.0,0.4574258826859124],[70688.5,0.0007783202434019671],[70689.0,2.9783626972334254],[70692.0,0.1027948772376707],[70693.0,0.17033892308780868],[70694.0,1.412665393051723],[70695.0,0.010613457864572278],[70695.5,0.27503007146394964],[70696.5,0.871902639213189],[70697.5,0.11488006792613033],[70699.0,0.7881412297459846],[70700.0,0.07074223448666242],[70700.5,1.2928748319535839],[70701.5,0.08301139177810797],[70707.5,0.07074223448666242],[70710.0,0.07099695747541215],[70711.0,0.010613457864572278],[71069.0,0.0],[71070.0,0.0],[71070.5,0.0]],"bids":[[70648.5,0.20805207669992218],[70648.0,0.9498478737706078],[70646.0,0.6845963348192174],[70645.5,3.2018821198613177],[70643.5,0.2334960730205901],[70642.0,0.8818509870515814],[70641.0,0.07194509304464727],[70640.0,0.5545319465081724],[70326.5,0.0],[70326.0,0.0]],"_doc":"6c56a53e-f589-4597-a5cf-96c7de569d28"},{"receive_time":1712791370.016,"timestamp":"2024-04-11 00:22:50","asks":[[70685.0,0.35298029643779405],[70685.5,0.061070430506915706],[70686.5,0.007060737910785667],[70687.5,0.15693515865435637],[70688.5,2.977961724857618],[70689.0,0.10527432877003078],[70691.5,2.4178853160706075],[70692.0,0.11339629983374014],[70693.0,1.3686370228872617],[70693.5,0.10521772966854151],[70694.0,1.0859952598252502],[70695.5,0.2856132158901977],[70697.0,0.10521772966854151],[70700.0,0.942587286426828],[70705.0,0.6892497081608829],[70706.0,0.3365524072305352],[70709.0,0.0005942905656372706],[70710.0,0.08160175457214616],[71075.5,0.0]],"bids":[[70660.0,0.461933566804627],[70657.0,2.3417170752414305],[70656.5,4.222094874243871],[70648.5,1.0792599667480278],[70648.0,0.07851710354098129],[70647.0,0.5552230358343061],[70646.0,0.0],[70645.5,0.3304821535958117],[70643.5,3.788984399872652],[70641.0,0.08253563974671901],[70640.0,1.425618168311578],[70577.0,2.1236124376525525],[70567.5,1.248774275708373],[70565.5,0.8503732003254448],[70496.0,0.0],[70494.0,0.0022215147334536064],[70326.5,0.14149775372315965],[70326.0,0.002476210690155294]],"_doc":"16e4c0d9-e8fd-4e13-aea5-9b8c7347eff1"},{"receive_time":1712791369.915,"timestamp":"2024-04-11 00:22:49","asks":[[70684.5,0.18416276626229822],[70685.5,0.06813767631419747],[70688.5,2.8951224603149335],[70689.0,0.6996317169208562],[70691.0,0.26213547581395513],[70691.5,1.3612535068261498],[70693.0,0.1703371152220135],[70693.5,0.9771211654868165],[70695.0,0.0],[70697.5,0.7893498618496231],[70699.0,0.10306265765239879],[70704.5,0.09106250199000222],[70709.0,0.011207692552615658],[70731.5,0.4251140050165745],[70738.0,0.003566083994014073],[70773.0,0.01698135235244797],[71075.5,0.006099135719920895]],"bids":[[70647.0,1.437188454095513],[70646.0,0.6846032200889398],[70643.5,3.1047997084867847],[70643.0,0.16051623311151442],[70642.5,0.14173768763509903],[70640.0,1.4363676887318113],[70639.0,0.23747006152202446],[70632.5,1.1974259100059081],[70631.5,0.311296490874292],[70629.0,1.4948542964590343],[70597.5,3.7765537052957057],[70592.0,0.3210183150960685],[70589.5,0.22480480289249036],[70576.5,0.0],[70527.5,3.979211994495212],[70492.0,0.2383474313935676]],"_doc":"48605742-46d3-40ad-b6fd-64a854a86666"},{"receive_time":1712791369.815,"timestamp":"2024-04-11 00:22:49","asks":[[70683.0,0.0],[70685.5,0.06106740619163507],[70687.0,0.1335814137755391],[70688.5,0.000778199105778482],[70689.0,3.5722593242401945],[70690.0,0.0017261871073631784],[70691.0,0.27270926481408114],[70691.5,1.3610702360065652],[70693.0,1.04207934801064],[70694.0,0.2247863489727772],[70694.5,0.6910691040805931],[70695.0,0.07098590752164809],[70698.5,0.07098590752164809],[70703.0,0.1735949968872036],[70712.5,0.0],[70761.0,1.7109061067406193],[70812.5,0.016978889580621426],[70867.0,2.8133737053596697],[70887.0,0.28298149301035713],[70927.5,1.7403503310883468],[70940.0,0.2865046125983361],[71070.5,0.0014007583904012677]],"bids":[[70669.0,0.9662120097345633],[70666.0,0.0],[70646.0,0.8817844812949233],[70643.0,0.8449827381289263],[70642.5,3.012592676438961],[70642.0,0.0],[70641.0,0.07193389552323277],[70639.0,1.108551700718773],[70638.5,0.0],[70637.5,0.0],[70631.5,1.5085035938649611],[70629.5,0.42590129605523797],[70619.5,0.09194068707906503],[70564.5,1.77186032033505],[70563.0,0.005702077084158696],[70330.5,0.0012026713452940178],[70330.0,0.0021365102722281965],[70329.5,9.9043522553625e-05],[70327.5,0.0014007583904012677]],"_doc":"57123b29-528d-443a-958e-a1d6882e4958"},{"receive_time":1712791369.716,"timestamp":"2024-04-11 00:22:49","asks":[[70681.5,0.10399680227519535],[70683.0,0.01061191859950973],[70684.5,0.19119847471356663],[70685.0,0.4573736916388693],[70685.5,2.933700269896463],[70687.0,0.1441947499301382],[70688.5,0.9769190770460663],[70690.0,1.1999816060077608],[70690.5,0.028298449598692613],[70692.5,0.22002044562983505],[70693.5,0.10521363560793913],[70695.0,0.7559789318042738],[70697.0,0.9770181216196617],[70698.5,0.0710149592679191],[70699.5,1.0264555130685777],[70700.0,0.07073197477193219],[70701.5,0.08297105422336674],[70702.0,0.2116582537734214],[70704.5,0.020318286811861295],[70705.5,0.579891829176409],[70711.5,1.6178506620068553],[70738.0,2.8298449598692612e-05],[70817.0,1.7103724429697809],[70908.5,1.6983597511151358],[71070.5,0.0],[71075.5,0.0],[71077.0,0.0]],"bids":[[70669.0,0.9661656661985631],[70666.0,5.6596899197385224e-05],[70656.5,2.1109652954888736],[70654.5,0.0],[70654.0,0.0],[70653.5,0.259609976618406],[70647.0,0.5552014319015497],[70646.0,0.8711960693453508],[70644.0,1.2167201389453874],[70643.5,0.23346220918921404],[70642.0,2.8709201594617637],[70641.5,0.16151340108453807],[70641.0,0.7564175577730535],[70640.5,1.2013116331388993],[70638.5,0.010597769374710382],[70637.5,0.8711111739965547],[70632.5,0.0],[70630.5,0.5384346005143243],[70629.5,1.6231566213066102],[70618.0,0.24483818592788847],[70330.5,0.0]],"_doc":"7a26e5b9-e57a-49d6-9817-cf00350a1664"},{"receive_time":1712791369.616,"timestamp":"2024-04-11 00:22:49","asks":[[70669.5,0.002150940859739552],[70680.5,0.0],[70682.5,0.0],[70683.5,0.19058468091429137],[70684.5,0.18416016018849035],[70685.0,0.10051403241269763],[70685.5,0.06107539967523623],[70686.0,0.06268860532004089],[70687.0,0.13359889905790207],[70687.5,0.576749319871085],[70688.5,2.978288940697004],[70690.0,0.001726413058475167],[70690.5,1.2373287295651774],[70691.5,0.16282056271160059],[70692.5,1.0919279576321255],[70693.5,0.11583948603834193],[70694.0,0.21420257759130001],[70695.0,0.6850746638270474],[70695.5,0.2750232605857776],[70697.0,0.10522629100673231],[70697.5,0.10426402799053303],[70700.0,0.08135367764896503],[70701.5,0.012268853456540735],[70702.0,0.10518383822660586],[70703.5,0.005533012343145822],[70704.0,0.42258912430527795],[70704.5,0.8922442308440675],[70705.5,0.5893436446419285],[70718.5,0.017745262092851304],[70720.0,0.10318855756066325],[70811.0,1.1747816335122245],[71083.5,0.0],[71084.0,0.0]],"bids":[[70664.0,0.10323101034078969],[70657.0,1.5335076255806301],[70656.5,2.763463722330516],[70654.5,0.522848440037217],[70654.0,0.8713291611684421],[70653.5,0.10208478527737586],[70647.0,0.29007984660395447],[70646.0,0.010599044104900819],[70643.5,3.104826527327208],[70642.0,0.0],[70641.0,0.9431875669957936],[70640.5,1.2120551744632377],[70639.5,0.07074048261735541],[70637.5,0.0],[70636.5,0.6675558165615371],[70632.5,0.2651883665231527],[70630.5,1.7359083302967804],[70626.5,0.16168848857489554],[70619.5,1.1053713380054977],[70598.5,0.0015424510112606],[70596.5,0.8655697339979552],[70577.5,0.3295609321215423],[70577.0,4.2464242377072665],[70499.5,5.660370683525137],[70474.5,0.0],[70450.0,8.493145644875419],[70425.0,1.698111205057541],[70330.0,0.0]],"_doc":"bb92fa37-726a-422a-a197-ceb7fccf3418"},{"receive_time":1712791369.516,"timestamp":"2024-04-11 00:22:49","asks":[[70669.5,0.002476324568323564],[70676.0,0.0],[70676.5,0.0],[70677.0,0.0015423964454129625],[70679.0,0.0],[70679.5,0.000183955539361179],[70680.0,0.0019386083763447326],[70680.5,0.007061062626248333],[70681.0,0.4169847564534787],[70681.5,0.0],[70682.0,0.0012027862189000166],[70682.5,2.872904410334056],[70683.0,0.0],[70683.5,0.4549220488401957],[70684.0,0.183955539361179],[70684.5,0.02851310860098275],[70685.0,0.0],[70685.5,0.21801561499520655],[70686.0,0.2202513823197501],[70686.5,0.0],[70687.0,1.3036504561743616],[70687.5,0.5873417363280352],[70688.0,0.0],[70688.5,0.10519426766238499],[70689.0,0.6995970666166685],[70689.5,0.3781418367960605],[70690.0,0.8735907060001344],[70691.0,0.2621224931635754],[70691.5,0.1734276223392777],[70692.5,0.9758416850327406],[70695.0,0.0],[70695.5,0.29006958472036987],[70697.5,0.1042886403916838],[70702.0,0.2116762241002982],[70703.5,0.016145636185469634],[70704.5,0.020320011886357927],[70705.5,0.32414381078050214],[70711.5,1.2508552163777031],[70719.5,0.15927719623457162],[70725.5,2.4918475857604263],[70727.5,0.12172196535268168],[70729.5,1.4967188699469713],[70731.5,0.42155534408529877],[70734.0,0.7700803390442095],[70738.0,1.6980794334169387],[70762.0,4.871666248049895],[70770.0,0.0938031746480966],[70798.5,0.0014433434626800199],[70861.0,0.0],[70886.0,7.075213052353039],[70900.5,0.21965706442335245],[71068.5,0.06807769998974095],[71069.0,0.0054903653286259586],[71070.0,0.02388591926474386],[71070.5,0.0014008921843659018],[71075.5,0.006098833651128319],[71077.0,0.007004460921829508],[71083.5,0.01049961616969191],[71084.0,0.00011320340883764862]],"bids":[[70669.0,0.9663042978381686],[70666.0,0.0],[70665.0,0.22913784991350553],[70662.5,0.14242403874386667],[70661.0,0.05568192672201842],[70659.5,0.5156556776815941],[70657.0,0.4938215702020327],[70656.5,0.6804515400970012],[70653.5,0.2596320181691471],[70651.0,0.4493609313810462],[70650.5,0.28603671328052865],[70650.0,0.6260856030027204],[70649.0,0.08610534284713649],[70647.0,1.161367921691542],[70645.0,2.9922774049533567],[70642.0,0.010598669152424852],[70641.0,0.7565100804097964],[70640.5,1.2014136275678602],[70639.5,2.941930188872812],[70638.5,0.0],[70637.0,0.4291258220513165],[70636.5,1.5387456354779483],[70636.0,0.0],[70632.0,0.15987151413096926],[70630.5,0.5335418162779426],[70630.0,0.09344941399547894],[70626.5,1.359035223948181],[70623.0,0.16149881313301045],[70614.5,2.7996052031116787],[70609.5,0.0],[70602.0,1.968395023295139],[70597.5,0.23876013966470566],[70595.0,1.11114805944594],[70592.0,0.31747896008518556],[70589.5,0.22127021299928895],[70583.0,12.398221291438638],[70528.5,1.6718162425666043],[70488.5,0.0],[70486.0,0.0],[70463.5,0.0],[70331.0,0.0003113093743035337],[70330.5,0.0012027862189000166],[70330.0,0.0021367143418106176]],"_doc":"57f53138-ea4b-4be6-8eb2-58e22bc7f83d"},{"receive_time":1712791369.416,"timestamp":"2024-04-11 00:22:49","asks":[[70669.5,0.058694898341908046],[70675.0,0.0],[70676.0,0.010615185376520625],[70679.0,0.5519896395790725],[70681.0,0.6240738250758986],[70682.5,0.0],[70683.5,1.6266710070980206],[70685.0,0.10261345863969938],[70685.5,1.0290219168194075],[70686.0,0.2866100051660569],[70687.0,0.1053026389350846],[70687.5,1.3330691331639621],[70688.5,1.0125613026955493],[70689.0,1.5718400362331661],[70702.0,0.6483755227978798],[71065.5,0.000254764449036495]],"bids":[[70637.5,0.010601031796018599],[70637.0,0.6132180288308435],[70636.0,1.5561437154564175],[70634.0,0.2661156205991211],[70632.0,3.0315837148902745],[70631.5,0.31135046388360094],[70630.5,1.40502593643627],[70629.0,0.5252252188497385],[70623.0,1.3591541820291988],[70621.5,0.0]],"_doc":"74136e7a-7eff-41bd-82cd-b3c838340ef2"},{"receive_time":1712791369.315,"timestamp":"2024-04-11 00:22:49","asks":[[70675.0,0.05988168025362319],[70676.5,2.8733016304347827],[70681.5,0.47192028985507245],[70682.0,0.11442764945652174],[70684.0,0.24506057518115942],[70685.0,0.9746235280797102],[70685.5,0.16758661684782608],[70686.5,0.10286458333333333],[70687.0,0.7904778079710145],[70688.0,0.49675894474637683],[70702.0,0.6377377717391305],[70702.5,0.29037873641304346],[71065.5,0.0]],"bids":[[70637.0,0.6237969882246377],[70636.5,1.035637454710145],[70630.0,0.10406759510869565],[70629.5,0.42602185235507245]],"_doc":"aa6d9aa5-fa18-4152-81dc-79bd8be9e62e"},{"receive_time":1712791369.215,"timestamp":"2024-04-11 00:22:49","asks":[[70674.5,0.0],[70675.0,2.9325296175628877],[70681.0,0.5195003661293233],[70681.5,0.48242756122495906],[70686.5,0.7878537039198831],[70687.5,0.6476986914856361],[70688.5,1.884147484673862],[70689.0,0.6995723185006739],[70695.5,2.6045343436380164],[70702.0,0.6482080888049326],[70702.5,0.3009264663744707],[71065.5,0.0002546986596483036]],"bids":[[70669.0,0.5139535953192046],[70666.0,5.659970214406747e-05],[70331.0,0.0]],"_doc":"98b09eb7-7f53-4f94-9b34-daee97554478"},{"receive_time":1712791369.115,"timestamp":"2024-04-11 00:22:49","asks":[[70669.5,0.20956858524565788],[70677.0,0.008609885791564294],[70679.0,0.6567728505377638],[70684.0,1.1176849603138077],[70685.0,0.11328797094163545],[70686.5,0.10292212160047581],[70687.0,0.10538613496845638],[70796.0,16.515276174831662],[71065.5,0.0]],"bids":[[70563.5,0.37841014493779784],[70563.0,0.00584849149986193]],"_doc":"2dfc8d38-7fd0-4ed7-865c-dd5223d752e4"},{"receive_time":1712791369.016,"timestamp":"2024-04-11 00:22:49","asks":[[70674.5,2.8728300591858322],[70677.0,0.019216822502644434],[70677.5,0.020164927883850017],[70681.0,0.634565516558236],[70682.0,0.10379631300213324],[70686.5,0.10287650927409797],[70687.0,0.10528214979357482],[70688.5,1.0123642847287817],[70689.0,1.5715200464147112],[70702.0,0.6376362459272152],[71068.5,0.0]],"bids":[[70660.0,0.3195256642928655],[70637.5,0.0],[70636.5,1.046071553654628],[70636.0,0.8712663928481722],[70634.0,0.9506242283377377],[70629.5,0.4365530001521214],[70621.5,1.1973721915031361],[70331.0,0.00031131818487347394]],"_doc":"6115a928-f1d2-4efa-833f-9de2cc249e6c"},{"receive_time":1712791368.915,"timestamp":"2024-04-11 00:22:48","asks":[[70675.0,0.05988146837682441],[70677.5,2.904187527642636],[70678.5,0.0014153029632905795],[70681.5,0.4719186200796108],[70682.0,0.11442724458204334],[70685.0,0.985234851835471],[70685.5,0.15697125165855816],[70687.0,0.10532684652808492],[70687.5,1.333017249004865],[70701.5,0.012242370632463511]],"bids":[[70637.5,0.01060061919504644],[70636.5,1.0356337903582487],[70636.0,1.5560831490490934],[70633.5,0.22428306059265812],[70630.0,0.09346660769570986],[70629.5,0.4260203449800973],[70629.0,1.3965360459973464],[70623.0,0.16152852720035382],[70621.5,1.1975727554179567],[70331.0,0.0],[70330.5,0.0]],"_doc":"e3df0026-2589-441e-b3ed-a490ea1dd578"},{"receive_time":1712791368.815,"timestamp":"2024-04-11 00:22:48","asks":[[70675.0,2.932598459737016],[70685.0,0.9744338985209372],[70685.5,0.16755401002550596],[70686.5,0.10284456928176483],[70687.0,0.7903240070893133],[70687.5,0.6477453224328655],[70688.5,1.8842008072760976],[70690.0,0.0017263397705524642],[70701.0,0.42589651159088576],[70702.0,0.6482264335164621],[70773.0,0.01705114281570262]],"bids":[[70664.5,0.13166878331959572],[70663.0,0.21933005281609175],[70632.5,2.0837204037088006],[70632.0,0.15987038301394868],[70631.5,3.1822809617976575],[70330.0,0.0],[70329.5,0.0]],"_doc":"2c647f86-4937-45c8-aade-9c4ef59d3d72"},{"receive_time":1712791368.715,"timestamp":"2024-04-11 00:22:48","asks":[[70684.0,0.24504583552987713],[70685.0,0.9851790787606893],[70685.5,0.1569623656865069],[70686.5,0.7880243842896112],[70687.0,0.10529257963282043],[70687.5,0.6478041048538605],[70688.0,0.49670076174369604],[70694.5,0.5487809624222955],[70695.5,0.2901065308996218],[70701.0,0.4365679430797372],[70701.5,0.022855848939113577],[70704.5,0.6127207305380323],[71069.0,0.0]],"bids":[[70636.5,1.0461751833598099],[70636.0,0.8713527053753701],[70633.5,0.9088985674406757],[70633.0,0.10611340888264618],[70632.5,2.9374648405574564],[70632.0,3.0312941151496067],[70631.0,1.9612158179457333],[70630.0,0.9647432608857173],[70628.5,0.31132072133908384],[70623.0,1.359024345370983],[70621.5,0.0],[70329.5,9.906559911690095e-05]],"_doc":"53088f32-1704-45c6-a4c3-fe757d28422a"},{"receive_time":1712791368.616,"timestamp":"2024-04-11 00:22:48","asks":[[70674.5,0.0],[70675.0,2.9325296175628877],[70679.0,0.5518470959046577],[70680.5,0.02831400099756975],[70681.0,0.6240117161383438],[70681.5,0.48242756122495906],[70685.0,0.10258696013612228],[70685.5,0.16754926827197572],[70686.0,0.2759235479523289],[70687.0,0.790329940888686],[70701.0,0.42588445878303566],[70701.5,0.01223968558865459],[71069.0,0.0054901711079745445]],"bids":[[70669.0,0.5140101950213487],[70666.0,0.0],[70636.0,0.8818092094790351],[70634.0,0.26604689992818914],[70629.5,0.43652520278612034],[70629.0,0.5250895867160499],[70514.5,0.7959757611775568],[70492.0,0.23839794543081216],[70478.0,0.0014574423302097374]],"_doc":"94154656-0fb2-4d54-a428-d71e88757ac0"},{"receive_time":1712791368.516,"timestamp":"2024-04-11 00:22:48","asks":[[70669.5,0.058681817056216105],[70674.5,2.872777056499114],[70681.0,0.519518744008179],[70682.5,1.1983571355292437],[70684.0,1.1168506811661365],[70684.5,0.31297912458388905],[70685.0,0.11320340883764862],[70700.5,0.4209044244844823],[70701.5,0.022852938159100316],[71069.0,0.0]],"bids":[[70669.0,0.5139717769751342],[70666.0,5.660170441882431e-05],[70634.0,1.147882565613757],[70329.5,0.0]],"_doc":"a1d07d97-53f3-46ca-8887-847f1f06cd10"},{"receive_time":1712791368.416,"timestamp":"2024-04-11 00:22:48","asks":[[70669.5,0.20946106131750003],[70674.5,2.8734338012320824],[70675.0,0.0598844347884548],[70679.0,0.6565349544072948],[70680.5,0.03893691328363015],[70681.0,1.8228023679191538],[70682.5,0.0],[70684.5,1.1957213271953322],[70685.0,0.10261454791214779],[70686.0,0.2760260570183043],[70687.0,0.7905141696536936],[70773.0,0.016984476895803773]],"bids":[[70636.0,0.0],[70634.0,1.1481364844255886],[70633.5,0.22429417113983532],[70629.5,0.42604144920049114],[70629.0,0.535831938601116],[70622.5,2.042524884027869],[70621.5,1.19763208084611],[70563.5,0.37835753031552205],[70563.0,0.005703953490840767],[70492.0,0.23839128696335246]],"_doc":"b59f73a0-eb95-41e7-9422-57d0a00be6e3"},{"receive_time":1712791368.315,"timestamp":"2024-04-11 00:22:48","asks":[[70675.0,2.9325192438306544],[70682.5,1.198310504867557],[70686.5,0.10284129499660404],[70687.0,0.7903271451211229],[70700.0,0.0],[70701.0,0.4364953588408422],[71069.0,0.005490151686665157]],"bids":[[70669.0,0.5140083767262849],[70666.0,0.0],[70636.0,0.8712078333710663],[70634.0,0.2660459587955626],[70633.5,0.23483133348426533],[70633.0,0.7906101426307448],[70629.5,0.4365236585918044],[70629.0,0.5250877292279827],[70623.0,0.16149252886574597],[70622.5,3.2392743943853293],[70329.5,9.904912836767037e-05]],"_doc":"de74908d-092e-48a2-a6ae-200f1af2acac"},{"receive_time":1712791368.216,"timestamp":"2024-04-11 00:22:48","asks":[[70669.5,0.05869552140574854],[70679.0,0.5519954991136227],[70680.5,0.028321615223752792],[70681.0,0.6241795259207886],[70682.5,1.2092522937889891],[70684.0,0.24507184787570194],[70684.5,1.1851060291354547],[70685.0,0.11322984597202515],[70686.0,0.27599774955681133],[70686.5,0.788079727965295],[70687.0,0.10530375675398339],[70690.0,0.8738371825583576],[70700.0,0.010615298059877359],[70700.5,0.4316180191146134],[71069.0,0.0]],"bids":[[70636.0,0.010601144329130854],[70634.0,1.8222503724200403],[70633.5,0.22429417113983532],[70632.5,2.084221774807067],[70623.0,1.3591686098559503],[70621.5,0.0]],"_doc":"35d9acb9-41c9-4b81-9f50-493eb2b1e2f8"},{"receive_time":1712791368.016,"timestamp":"2024-04-11 00:22:48","asks":[[70679.0,0.6563793432810477],[70680.5,0.038927684503215675],[70681.0,0.5195169061617813],[70686.0,0.9609803380524837],[70687.5,2.81322211137761]],"bids":[[70660.0,0.31961454375650034],[70636.0,0.0],[70634.0,0.27665400208010527],[70631.5,0.31127997226526294],[70631.0,4.8319713596388825],[70629.5,0.4259404693679735],[70628.5,1.1824478735522397],[70330.0,0.0021367067829827576]],"_doc":"b97d402d-206c-4b59-9c57-b37007eaa352"},{"receive_time":1712791367.815,"timestamp":"2024-04-11 00:22:47","asks":[[70669.5,0.20941660092474998],[70675.5,0.14118179792055074],[70681.0,0.530142816206827],[70681.5,0.4718418231795975],[70685.0,0.11323411315628416],[70686.0,0.2759391660269359],[70686.5,0.10284747993250104],[70687.0,0.9771784158969261],[70700.5,0.42091335863954915]],"bids":[[70666.0,5.660290585167916e-05],[70664.5,0.0],[70649.0,0.1143378698203919],[70645.0,2.849913857452657],[70629.5,1.2971546426764684],[70629.0,0.5357182024332174]],"_doc":"0cfa72c0-73df-4f8e-af75-744fab5ab1c7"},{"receive_time":1712791367.716,"timestamp":"2024-04-11 00:22:47","asks":[[70675.0,2.9325956375007958],[70676.0,0.0],[70681.5,0.4824360942684713],[70682.5,1.198335939324046],[70683.5,0.42792961702549154],[70686.5,0.9747065607290171],[70687.5,3.4982206153911464],[70700.0,0.010612631861950885],[70700.5,0.43150961150692296]],"bids":[[70666.0,0.0],[70664.5,5.660070326373805e-05],[70637.0,0.6130705174011787],[70636.0,0.01059848168613495],[70634.0,0.26605160569120073],[70632.5,2.954910464762525],[70632.0,0.15986868636842813],[70631.5,3.1822613395971446],[70630.5,0.5335323791398108],[70630.0,0.09344776108843153],[70629.5,1.307702648205404],[70623.0,0.1614959565872606],[70621.5,1.1973312768411148],[70570.5,1.6624617060866982],[70563.0,0.005844022611980954],[70330.0,0.0],[70329.5,0.0]],"_doc":"7491e5a5-5324-4a1d-a5cf-9becd17e825b"}