[
  {
    "trades": [
      [
        {
          "side": "buy",
          "price": 67957.5,
          "quantity": 0.001,
          "timestamp": "2024-06-03 00:05:14"
        }
      ]
    ],
    "liquidations": [],
    "receive_time": 1717369514.898,
    "_doc": "b3d706c6-a26b-4734-8b96-1791e37e600c"
  },
  {
    "trades": [
      [
        {
          "side": "sell",
          "price": 67957.0,
          "quantity": 0.0165,
          "timestamp": "2024-06-03 00:05:14"
        }
      ]
    ],
    "liquidations": [],
    "receive_time": 1717369514.596,
    "_doc": "59e7c7e4-ad4a-4ed2-a3f2-56101e3a757c"
  },
  {
    "trades": [
      [
        {
          "side": "sell",
          "price": 67957.0,
          "quantity": 0.0213,
          "timestamp": "2024-06-03 00:05:11"
        }
      ]
    ],
    "liquidations": [],
    "receive_time": 1717369511.541,
    "_doc": "6cbd0d41-c52a-4c94-b0e8-a21af7776a36"
  },
  {
    "trades": [
      [
        {
          "side": "sell",
          "price": 67974.2,
          "quantity": 0.002,
          "timestamp": "2024-06-03 00:05:10"
        }
      ],
      [
        {
          "side": "sell",
          "price": 67974.2,
          "quantity": 0.003,
          "timestamp": "2024-06-03 00:05:10"
        }
      ]
    ],
    "liquidations": [],
    "receive_time": 1717369510.172,
    "_doc": "8b7fe86b-2d88-441c-8259-4d134a9d2925"
  },
  {
    "trades": [
      [
        {
          "side": "sell",
          "price": 67924.3,
          "quantity": 0.198,
          "timestamp": "2024-06-03 00:05:08"
        }
      ]
    ],
    "liquidations": [],
    "receive_time": 1717369508.738,
    "_doc": "1cf5e99b-4dea-41f0-bedd-508067b7171d"
  },
  {
    "trades": [
      [
        {
          "side": "sell",
          "price": 67957.0,
          "quantity": 0.014,
          "timestamp": "2024-06-03 00:05:07"
        }
      ]
    ],
    "liquidations": [],
    "receive_time": 1717369507.477,
    "_doc": "a33ffbb8-b1ef-4fca-a71c-8ff5e72ad6e2"
  },
  {
    "trades": [
      [
        {
          "side": "buy",
          "price": 67978.3,
          "quantity": 0.108,
          "timestamp": "2024-06-03 00:05:07"
        }
      ]
    ],
    "liquidations": [],
    "receive_time": 1717369507.151,
    "_doc": "deadce56-f322-4616-a5b2-386b79a1c339"
  },
  {
    "trades": [
      [
        {
          "side": "sell",
          "price": 67974.0,
          "quantity": 0.012,
          "timestamp": "2024-06-03 00:05:06"
        }
      ]
    ],
    "liquidations": [],
    "receive_time": 1717369506.849,
    "_doc": "92584ca4-4ace-4702-92d1-cc49d963680b"
  },
  {
    "trades": [
      [
        {
          "side": "buy",
          "price": 67976.0,
          "quantity": 25.965,
          "timestamp": "2024-06-03 00:05:06"
        }
      ]
    ],
    "liquidations": [],
    "receive_time": 1717369506.7,
    "_doc": "ba9674e2-781a-4ea5-93f9-3dacbef62388"
  },
  {
    "trades": [
      [
        {
          "side": "sell",
          "price": 67957.0,
          "quantity": 0.001,
          "timestamp": "2024-06-03 00:05:06"
        }
      ]
    ],
    "liquidations": [],
    "receive_time": 1717369506.519,
    "_doc": "27538d15-5b99-45eb-9072-ed44fda5864b"
  },
  {
    "trades": [
      [
        {
          "side": "buy",
          "price": 67978.3,
          "quantity": 0.019,
          "timestamp": "2024-06-03 00:05:03"
        }
      ],
      [
        {
          "side": "buy",
          "price": 67978.2,
          "quantity": 0.003,
          "timestamp": "2024-06-03 00:05:03"
        }
      ]
    ],
    "liquidations": [],
    "receive_time": 1717369503.483,
    "_doc": "b1f5f761-f9cd-4af6-8cad-3fff86cb175a"
  },
  {
    "trades": [
      [
        {
          "side": "sell",
          "price": 67974.0,
          "quantity": 0.013,
          "timestamp": "2024-06-03 00:05:03"
        }
      ]
    ],
    "liquidations": [],
    "receive_time": 1717369503.435,
    "_doc": "02fb1495-9c22-494d-b59c-99b47fbfcbcc"
  },
  {
    "trades": [
      [
        {
          "side": "buy",
          "price": 67957.5,
          "quantity": 0.0211,
          "timestamp": "2024-06-03 00:05:03"
        }
      ]
    ],
    "liquidations": [],
    "receive_time": 1717369503.413,
    "_doc": "175f2274-29be-469d-a56e-5b365dea115f"
  },
  {
    "trades": [
      [
        {
          "side": "buy",
          "price": 67975.1,
          "quantity": 0.007,
          "timestamp": "2024-06-03 00:05:01"
        }
      ]
    ],
    "liquidations": [],
    "receive_time": 1717369501.016,
    "_doc": "734344ee-0613-4815-863e-87e248098dc7"
  },
  {
    "trades": [
      [
        {
          "side": "sell",
          "price": 67973.9,
          "quantity": 0.349,
          "timestamp": "2024-06-03 00:05:00"
        }
      ],
      [
        {
          "side": "sell",
          "price": 67975.0,
          "quantity": 0.001,
          "timestamp": "2024-06-03 00:05:00"
        }
      ]
    ],
    "liquidations": [],
    "receive_time": 1717369500.914,
    "_doc": "23c26bbf-c5a7-4249-8f39-33048415a7df"
  },
  {
    "trades": [
      [
        {
          "side": "sell",
          "price": 67957.0,
          "quantity": 0.016,
          "timestamp": "2024-06-03 00:04:59"
        }
      ]
    ],
    "liquidations": [],
    "receive_time": 1717369499.84,
    "_doc": "787620c8-5eaa-465a-ad02-343a8030d5e5"
  },
  {
    "trades": [
      [
        {
          "side": "buy",
          "price": 67924.6,
          "quantity": 0.114,
          "timestamp": "2024-06-03 00:04:59"
        }
      ]
    ],
    "liquidations": [],
    "receive_time": 1717369499.615,
    "_doc": "ed6c0175-45cc-49c6-8614-ee8c5f165299"
  },
  {
    "trades": [
      [
        {
          "side": "buy",
          "price": 67974.0,
          "quantity": 0.037,
          "timestamp": "2024-06-03 00:04:56"
        }
      ],
      [
        {
          "side": "buy",
          "price": 67974.0,
          "quantity": 0.034,
          "timestamp": "2024-06-03 00:04:56"
        }
      ],
      [
        {
          "side": "buy",
          "price": 67974.0,
          "quantity": 0.003,
          "timestamp": "2024-06-03 00:04:56"
        }
      ],
      [
        {
          "side": "buy",
          "price": 67974.0,
          "quantity": 0.038,
          "timestamp": "2024-06-03 00:04:56"
        }
      ]
    ],
    "liquidations": [],
    "receive_time": 1717369496.939,
    "_doc": "52860a4e-7128-4cbc-bd06-ebbb9c056c4b"
  },
  {
    "trades": [
      [
        {
          "side": "buy",
          "price": 67974.0,
          "quantity": 12.049,
          "timestamp": "2024-06-03 00:04:56"
        }
      ]
    ],
    "liquidations": [],
    "receive_time": 1717369496.586,
    "_doc": "de9c66f0-94c6-4c42-ade7-3e6d110ffe30"
  },
  {
    "trades": [
      [
        {
          "side": "sell",
          "price": 67973.9,
          "quantity": 0.032,
          "timestamp": "2024-06-03 00:04:55"
        }
      ]
    ],
    "liquidations": [],
    "receive_time": 1717369495.335,
    "_doc": "4c00d53c-5a35-46c1-92fc-89068a357fd6"
  },
  {
    "trades": [
      [
        {
          "side": "sell",
          "price": 67957.0,
          "quantity": 0.0092,
          "timestamp": "2024-06-03 00:04:55"
        }
      ]
    ],
    "liquidations": [],
    "receive_time": 1717369495.269,
    "_doc": "98415471-9433-421f-b57f-f57bdea54b82"
  },
  {
    "trades": [
      [
        {
          "side": "buy",
          "price": 67924.6,
          "quantity": 0.001,
          "timestamp": "2024-06-03 00:04:54"
        }
      ]
    ],
    "liquidations": [],
    "receive_time": 1717369494.741,
    "_doc": "57201ec0-7f09-4c2a-afb5-cb48f2106a4b"
  },
  {
    "trades": [
      [
        {
          "side": "sell",
          "price": 67973.9,
          "quantity": 0.035,
          "timestamp": "2024-06-03 00:04:53"
        }
      ]
    ],
    "liquidations": [],
    "receive_time": 1717369493.825,
    "_doc": "67344b81-4700-4489-8fa5-bb74f0551072"
  },
  {
    "trades": [
      [
        {
          "side": "sell",
          "price": 67973.9,
          "quantity": 0.001,
          "timestamp": "2024-06-03 00:04:53"
        }
      ]
    ],
    "liquidations": [],
    "receive_time": 1717369493.57,
    "_doc": "7046ead1-017e-4676-a805-82d23ab4e7ba"
  },
  {
    "trades": [
      [
        {
          "side": "buy",
          "price": 67974.0,
          "quantity": 0.032,
          "timestamp": "2024-06-03 00:04:53"
        }
      ]
    ],
    "liquidations": [],
    "receive_time": 1717369493.372,
    "_doc": "4837ed9d-2b44-423a-85f4-732cea71c066"
  },
  {
    "trades": [
      [
        {
          "side": "buy",
          "price": 67924.6,
          "quantity": 0.281,
          "timestamp": "2024-06-03 00:04:52"
        }
      ]
    ],
    "liquidations": [],
    "receive_time": 1717369492.534,
    "_doc": "384d208c-e305-4724-8783-c69aafd36dee"
  },
  {
    "trades": [
      [
        {
          "side": "sell",
          "price": 67957.0,
          "quantity": 0.0165,
          "timestamp": "2024-06-03 00:04:51"
        }
      ]
    ],
    "liquidations": [],
    "receive_time": 1717369491.208,
    "_doc": "1c303ca8-23a6-4106-8275-5914988ac2b0"
  },
  {
    "trades": [
      [
        {
          "side": "sell",
          "price": 67924.1,
          "quantity": 0.191,
          "timestamp": "2024-06-03 00:04:50"
        }
      ]
    ],
    "liquidations": [],
    "receive_time": 1717369490.981,
    "_doc": "014bd20e-1837-4292-941c-9bc1db617f8f"
  },
  {
    "trades": [
      [
        {
          "side": "buy",
          "price": 67974.0,
          "quantity": 7.242,
          "timestamp": "2024-06-03 00:04:50"
        }
      ]
    ],
    "liquidations": [],
    "receive_time": 1717369490.454,
    "_doc": "925fc06a-7c76-4ba8-a6aa-54a45c16c364"
  },
  {
    "trades": [
      [
        {
          "side": "buy",
          "price": 67924.6,
          "quantity": 0.1,
          "timestamp": "2024-06-03 00:04:48"
        }
      ]
    ],
    "liquidations": [],
    "receive_time": 1717369488.924,
    "_doc": "d84b734a-e932-4d37-b730-c70592f42f7e"
  },
  {
    "trades": [
      [
        {
          "side": "buy",
          "price": 67979.8,
          "quantity": 0.002,
          "timestamp": "2024-06-03 00:04:48"
        }
      ]
    ],
    "liquidations": [],
    "receive_time": 1717369488.491,
    "_doc": "c72e50ae-9763-43c6-9952-b8e5058bfb68"
  },
  {
    "trades": [
      [
        {
          "side": "buy",
          "price": 67979.8,
          "quantity": 0.004,
          "timestamp": "2024-06-03 00:04:48"
        }
      ],
      [
        {
          "side": "buy",
          "price": 67979.7,
          "quantity": 0.009,
          "timestamp": "2024-06-03 00:04:48"
        }
      ]
    ],
    "liquidations": [],
    "receive_time": 1717369488.442,
    "_doc": "550c0614-1083-4518-8167-d1a46ce84831"
  },
  {
    "trades": [
      [
        {
          "side": "buy",
          "price": 67979.8,
          "quantity": 0.326,
          "timestamp": "2024-06-03 00:04:47"
        }
      ],
      [
        {
          "side": "buy",
          "price": 67979.7,
          "quantity": 0.6,
          "timestamp": "2024-06-03 00:04:47"
        }
      ],
      [
        {
          "side": "buy",
          "price": 67979.7,
          "quantity": 0.021,
          "timestamp": "2024-06-03 00:04:47"
        }
      ],
      [
        {
          "side": "buy",
          "price": 67979.7,
          "quantity": 0.026,
          "timestamp": "2024-06-03 00:04:47"
        }
      ],
      [
        {
          "side": "buy",
          "price": 67979.6,
          "quantity": 0.027,
          "timestamp": "2024-06-03 00:04:47"
        }
      ]
    ],
    "liquidations": [],
    "receive_time": 1717369487.334,
    "_doc": "c4837b76-939d-40be-99c0-547dbea36c86"
  },
  {
    "trades": [
      [
        {
          "side": "sell",
          "price": 67957.0,
          "quantity": 0.0189,
          "timestamp": "2024-06-03 00:04:47"
        }
      ]
    ],
    "liquidations": [],
    "receive_time": 1717369487.143,
    "_doc": "4b74b5dd-eed9-4507-9850-da8371030bed"
  },
  {
    "trades": [
      [
        {
          "side": "buy",
          "price": 67979.6,
          "quantity": 0.003,
          "timestamp": "2024-06-03 00:04:46"
        }
      ]
    ],
    "liquidations": [],
    "receive_time": 1717369486.982,
    "_doc": "8e66f096-8174-4b83-918b-c205589cc506"
  },
  {
    "trades": [
      [
        {
          "side": "buy",
          "price": 67924.6,
          "quantity": 0.17,
          "timestamp": "2024-06-03 00:04:45"
        }
      ]
    ],
    "liquidations": [],
    "receive_time": 1717369485.916,
    "_doc": "c1f5ac81-45f0-4487-9ea0-8eefac3efed7"
  },
  {
    "trades": [
      [
        {
          "side": "buy",
          "price": 67979.8,
          "quantity": 0.608,
          "timestamp": "2024-06-03 00:04:45"
        }
      ],
      [
        {
          "side": "buy",
          "price": 67978.6,
          "quantity": 0.123,
          "timestamp": "2024-06-03 00:04:45"
        }
      ],
      [
        {
          "side": "buy",
          "price": 67978.1,
          "quantity": 0.025,
          "timestamp": "2024-06-03 00:04:45"
        }
      ],
      [
        {
          "side": "buy",
          "price": 67978.1,
          "quantity": 0.153,
          "timestamp": "2024-06-03 00:04:45"
        }
      ]
    ],
    "liquidations": [],
    "receive_time": 1717369485.727,
    "_doc": "78e97854-0b84-410d-af89-9572191c241c"
  },
  {
    "trades": [
      [
        {
          "side": "buy",
          "price": 67957.5,
          "quantity": 0.0086,
          "timestamp": "2024-06-03 00:04:43"
        }
      ]
    ],
    "liquidations": [],
    "receive_time": 1717369483.079,
    "_doc": "84f70e20-f44d-4ff7-b468-f7516cde898c"
  },
  {
    "trades": [
      [
        {
          "side": "sell",
          "price": 67924.1,
          "quantity": 0.001,
          "timestamp": "2024-06-03 00:04:42"
        }
      ]
    ],
    "liquidations": [],
    "receive_time": 1717369482.407,
    "_doc": "846c8fd3-2fa0-4270-8a63-57a13281dfbb"
  },
  {
    "trades": [
      [
        {
          "side": "sell",
          "price": 67924.1,
          "quantity": 0.215,
          "timestamp": "2024-06-03 00:04:42"
        }
      ]
    ],
    "liquidations": [],
    "receive_time": 1717369482.352,
    "_doc": "45b24a87-557d-4941-98f2-4a271765b599"
  },
  {
    "trades": [
      [
        {
          "side": "sell",
          "price": 67924.1,
          "quantity": 0.164,
          "timestamp": "2024-06-03 00:04:40"
        }
      ],
      [
        {
          "side": "sell",
          "price": 67924.2,
          "quantity": 0.019,
          "timestamp": "2024-06-03 00:04:40"
        }
      ],
      [
        {
          "side": "sell",
          "price": 67924.3,
          "quantity": 0.003,
          "timestamp": "2024-06-03 00:04:40"
        }
      ]
    ],
    "liquidations": [],
    "receive_time": 1717369480.402,
    "_doc": "4291a9ba-5e37-49c1-851d-56de6427c521"
  },
  {
    "trades": [
      [
        {
          "side": "buy",
          "price": 67978.5,
          "quantity": 15.071,
          "timestamp": "2024-06-03 00:04:40"
        }
      ]
    ],
    "liquidations": [],
    "receive_time": 1717369480.342,
    "_doc": "cfe049c6-27ca-4115-bcf1-287ee5ec9205"
  },
  {
    "trades": [
      [
        {
          "side": "buy",
          "price": 67979.7,
          "quantity": 0.002,
          "timestamp": "2024-06-03 00:04:41"
        }
      ]
    ],
    "liquidations": [],
    "receive_time": 1717369481.196,
    "_doc": "6edfd562-b7f3-491e-9be3-61161a7f739e"
  },
  {
    "trades": [
      [
        {
          "side": "buy",
          "price": 67924.6,
          "quantity": 0.014,
          "timestamp": "2024-06-03 00:04:39"
        }
      ],
      [
        {
          "side": "buy",
          "price": 67924.6,
          "quantity": 0.457,
          "timestamp": "2024-06-03 00:04:39"
        }
      ],
      [
        {
          "side": "sell",
          "price": 67925.6,
          "quantity": 0.657,
          "timestamp": "2024-06-03 00:04:39"
        }
      ],
      [
        {
          "side": "buy",
          "price": 67926.1,
          "quantity": 0.79,
          "timestamp": "2024-06-03 00:04:39"
        }
      ],
      [
        {
          "side": "buy",
          "price": 67924.3,
          "quantity": 0.443,
          "timestamp": "2024-06-03 00:04:39"
        }
      ],
      [
        {
          "side": "buy",
          "price": 67924.3,
          "quantity": 0.654,
          "timestamp": "2024-06-03 00:04:39"
        }
      ],
      [
        {
          "side": "buy",
          "price": 67924.3,
          "quantity": 0.89,
          "timestamp": "2024-06-03 00:04:39"
        }
      ],
      [
        {
          "side": "buy",
          "price": 67924.4,
          "quantity": 0.821,
          "timestamp": "2024-06-03 00:04:39"
        }
      ],
      [
        {
          "side": "sell",
          "price": 67924.3,
          "quantity": 0.324,
          "timestamp": "2024-06-03 00:04:39"
        }
      ],
      [
        {
          "side": "buy",
          "price": 67924.5,
          "quantity": 0.178,
          "timestamp": "2024-06-03 00:04:39"
        }
      ],
      [
        {
          "side": "buy",
          "price": 67924.3,
          "quantity": 0.161,
          "timestamp": "2024-06-03 00:04:39"
        }
      ],
      [
        {
          "side": "buy",
          "price": 67924.5,
          "quantity": 0.162,
          "timestamp": "2024-06-03 00:04:39"
        }
      ],
      [
        {
          "side": "buy",
          "price": 67924.5,
          "quantity": 0.087,
          "timestamp": "2024-06-03 00:04:39"
        }
      ],
      [
        {
          "side": "buy",
          "price": 67924.3,
          "quantity": 0.147,
          "timestamp": "2024-06-03 00:04:39"
        }
      ],
      [
        {
          "side": "buy",
          "price": 67924.3,
          "quantity": 0.076,
          "timestamp": "2024-06-03 00:04:39"
        }
      ],
      [
        {
          "side": "buy",
          "price": 67924.3,
          "quantity": 0.002,
          "timestamp": "2024-06-03 00:04:39"
        }
      ],
      [
        {
          "side": "sell",
          "price": 67924.2,
          "quantity": 0.002,
          "timestamp": "2024-06-03 00:04:39"
        }
      ],
      [
        {
          "side": "buy",
          "price": 67924.3,
          "quantity": 0.075,
          "timestamp": "2024-06-03 00:04:39"
        }
      ],
      [
        {
          "side": "buy",
          "price": 67924.3,
          "quantity": 0.179,
          "timestamp": "2024-06-03 00:04:39"
        }
      ],
      [
        {
          "side": "buy",
          "price": 67924.3,
          "quantity": 0.861,
          "timestamp": "2024-06-03 00:04:39"
        }
      ],
      [
        {
          "side": "buy",
          "price": 67924.3,
          "quantity": 0.402,
          "timestamp": "2024-06-03 00:04:39"
        }
      ],
      [
        {
          "side": "buy",
          "price": 67924.3,
          "quantity": 0.391,
          "timestamp": "2024-06-03 00:04:39"
        }
      ],
      [
        {
          "side": "buy",
          "price": 67924.7,
          "quantity": 0.634,
          "timestamp": "2024-06-03 00:04:39"
        }
      ],
      [
        {
          "side": "sell",
          "price": 67924.2,
          "quantity": 1.029,
          "timestamp": "2024-06-03 00:04:39"
        }
      ],
      [
        {
          "side": "sell",
          "price": 67924.2,
          "quantity": 0.415,
          "timestamp": "2024-06-03 00:04:39"
        }
      ],
      [
        {
          "side": "buy",
          "price": 67908.3,
          "quantity": 0.001,
          "timestamp": "2024-06-03 00:04:39"
        }
      ],
      [
        {
          "side": "sell",
          "price": 67904.0,
          "quantity": 0.967,
          "timestamp": "2024-06-03 00:04:39"
        }
      ],
      [
        {
          "side": "buy",
          "price": 67904.5,
          "quantity": 0.841,
          "timestamp": "2024-06-03 00:04:39"
        }
      ],
      [
        {
          "side": "buy",
          "price": 67904.5,
          "quantity": 0.617,
          "timestamp": "2024-06-03 00:04:39"
        }
      ],
      [
        {
          "side": "buy",
          "price": 67904.5,
          "quantity": 0.365,
          "timestamp": "2024-06-03 00:04:39"
        }
      ],
      [
        {
          "side": "buy",
          "price": 67904.5,
          "quantity": 0.751,
          "timestamp": "2024-06-03 00:04:39"
        }
      ],
      [
        {
          "side": "buy",
          "price": 67904.5,
          "quantity": 0.689,
          "timestamp": "2024-06-03 00:04:39"
        }
      ],
      [
        {
          "side": "sell",
          "price": 67904.0,
          "quantity": 0.87,
          "timestamp": "2024-06-03 00:04:39"
        }
      ],
      [
        {
          "side": "buy",
          "price": 67898.2,
          "quantity": 0.766,
          "timestamp": "2024-06-03 00:04:39"
        }
      ],
      [
        {
          "side": "sell",
          "price": 67894.3,
          "quantity": 0.697,
          "timestamp": "2024-06-03 00:04:39"
        }
      ],
      [
        {
          "side": "sell",
          "price": 67894.3,
          "quantity": 0.812,
          "timestamp": "2024-06-03 00:04:39"
        }
      ],
      [
        {
          "side": "buy",
          "price": 67888.7,
          "quantity": 0.589,
          "timestamp": "2024-06-03 00:04:39"
        }
      ],
      [
        {
          "side": "sell",
          "price": 67873.9,
          "quantity": 0.099,
          "timestamp": "2024-06-03 00:04:39"
        }
      ],
      [
        {
          "side": "buy",
          "price": 67874.4,
          "quantity": 0.088,
          "timestamp": "2024-06-03 00:04:39"
        }
      ],
      [
        {
          "side": "sell",
          "price": 67873.9,
          "quantity": 0.057,
          "timestamp": "2024-06-03 00:04:39"
        }
      ],
      [
        {
          "side": "buy",
          "price": 67874.4,
          "quantity": 0.073,
          "timestamp": "2024-06-03 00:04:39"
        }
      ],
      [
        {
          "side": "buy",
          "price": 67874.4,
          "quantity": 0.057,
          "timestamp": "2024-06-03 00:04:39"
        }
      ],
      [
        {
          "side": "sell",
          "price": 67873.9,
          "quantity": 0.114,
          "timestamp": "2024-06-03 00:04:39"
        }
      ],
      [
        {
          "side": "sell",
          "price": 67873.9,
          "quantity": 0.141,
          "timestamp": "2024-06-03 00:04:39"
        }
      ],
      [
        {
          "side": "sell",
          "price": 67873.9,
          "quantity": 0.053,
          "timestamp": "2024-06-03 00:04:39"
        }
      ],
      [
        {
          "side": "sell",
          "price": 67870.2,
          "quantity": 0.105,
          "timestamp": "2024-06-03 00:04:39"
        }
      ],
      [
        {
          "side": "buy",
          "price": 67870.7,
          "quantity": 0.136,
          "timestamp": "2024-06-03 00:04:39"
        }
      ],
      [
        {
          "side": "buy",
          "price": 67870.7,
          "quantity": 0.106,
          "timestamp": "2024-06-03 00:04:39"
        }
      ],
      [
        {
          "side": "sell",
          "price": 67870.2,
          "quantity": 0.009,
          "timestamp": "2024-06-03 00:04:39"
        }
      ],
      [
        {
          "side": "sell",
          "price": 67870.2,
          "quantity": 0.124,
          "timestamp": "2024-06-03 00:04:39"
        }
      ],
      [
        {
          "side": "buy",
          "price": 67870.7,
          "quantity": 0.474,
          "timestamp": "2024-06-03 00:04:39"
        }
      ],
      [
        {
          "side": "sell",
          "price": 67870.2,
          "quantity": 0.258,
          "timestamp": "2024-06-03 00:04:39"
        }
      ],
      [
        {
          "side": "buy",
          "price": 67866.4,
          "quantity": 0.692,
          "timestamp": "2024-06-03 00:04:39"
        }
      ],
      [
        {
          "side": "sell",
          "price": 67865.9,
          "quantity": 0.405,
          "timestamp": "2024-06-03 00:04:39"
        }
      ],
      [
        {
          "side": "buy",
          "price": 67866.4,
          "quantity": 0.574,
          "timestamp": "2024-06-03 00:04:39"
        }
      ],
      [
        {
          "side": "buy",
          "price": 67866.4,
          "quantity": 0.543,
          "timestamp": "2024-06-03 00:04:39"
        }
      ],
      [
        {
          "side": "sell",
          "price": 67865.9,
          "quantity": 0.291,
          "timestamp": "2024-06-03 00:04:39"
        }
      ],
      [
        {
          "side": "buy",
          "price": 67866.4,
          "quantity": 0.585,
          "timestamp": "2024-06-03 00:04:39"
        }
      ],
      [
        {
          "side": "sell",
          "price": 67865.9,
          "quantity": 0.628,
          "timestamp": "2024-06-03 00:04:39"
        }
      ],
      [
        {
          "side": "buy",
          "price": 67866.4,
          "quantity": 0.447,
          "timestamp": "2024-06-03 00:04:39"
        }
      ],
      [
        {
          "side": "sell",
          "price": 67870.3,
          "quantity": 0.454,
          "timestamp": "2024-06-03 00:04:39"
        }
      ],
      [
        {
          "side": "sell",
          "price": 67870.3,
          "quantity": 0.324,
          "timestamp": "2024-06-03 00:04:39"
        }
      ],
      [
        {
          "side": "sell",
          "price": 67870.3,
          "quantity": 0.579,
          "timestamp": "2024-06-03 00:04:39"
        }
      ],
      [
        {
          "side": "buy",
          "price": 67864.3,
          "quantity": 0.319,
          "timestamp": "2024-06-03 00:04:39"
        }
      ],
      [
        {
          "side": "sell",
          "price": 67862.8,
          "quantity": 0.395,
          "timestamp": "2024-06-03 00:04:39"
        }
      ],
      [
        {
          "side": "sell",
          "price": 67862.8,
          "quantity": 0.234,
          "timestamp": "2024-06-03 00:04:39"
        }
      ],
      [
        {
          "side": "buy",
          "price": 67860.8,
          "quantity": 0.652,
          "timestamp": "2024-06-03 00:04:39"
        }
      ],
      [
        {
          "side": "sell",
          "price": 67856.7,
          "quantity": 0.62,
          "timestamp": "2024-06-03 00:04:39"
        }
      ],
      [
        {
          "side": "buy",
          "price": 67854.3,
          "quantity": 0.447,
          "timestamp": "2024-06-03 00:04:39"
        }
      ],
      [
        {
          "side": "buy",
          "price": 67854.3,
          "quantity": 0.576,
          "timestamp": "2024-06-03 00:04:39"
        }
      ],
      [
        {
          "side": "buy",
          "price": 67854.3,
          "quantity": 0.016,
          "timestamp": "2024-06-03 00:04:39"
        }
      ],
      [
        {
          "side": "sell",
          "price": 67853.8,
          "quantity": 0.335,
          "timestamp": "2024-06-03 00:04:39"
        }
      ],
      [
        {
          "side": "buy",
          "price": 67849.6,
          "quantity": 0.481,
          "timestamp": "2024-06-03 00:04:39"
        }
      ],
      [
        {
          "side": "sell",
          "price": 67849.1,
          "quantity": 0.221,
          "timestamp": "2024-06-03 00:04:39"
        }
      ],
      [
        {
          "side": "sell",
          "price": 67848.0,
          "quantity": 0.303,
          "timestamp": "2024-06-03 00:04:39"
        }
      ],
      [
        {
          "side": "sell",
          "price": 67848.0,
          "quantity": 0.361,
          "timestamp": "2024-06-03 00:04:39"
        }
      ],
      [
        {
          "side": "sell",
          "price": 67848.0,
          "quantity": 0.207,
          "timestamp": "2024-06-03 00:04:39"
        }
      ],
      [
        {
          "side": "buy",
          "price": 67848.5,
          "quantity": 0.191,
          "timestamp": "2024-06-03 00:04:39"
        }
      ],
      [
        {
          "side": "buy",
          "price": 67849.6,
          "quantity": 0.369,
          "timestamp": "2024-06-03 00:04:39"
        }
      ],
      [
        {
          "side": "sell",
          "price": 67848.0,
          "quantity": 0.332,
          "timestamp": "2024-06-03 00:04:39"
        }
      ],
      [
        {
          "side": "sell",
          "price": 67839.4,
          "quantity": 0.388,
          "timestamp": "2024-06-03 00:04:39"
        }
      ],
      [
        {
          "side": "sell",
          "price": 67839.4,
          "quantity": 0.222,
          "timestamp": "2024-06-03 00:04:39"
        }
      ],
      [
        {
          "side": "sell",
          "price": 67839.4,
          "quantity": 0.199,
          "timestamp": "2024-06-03 00:04:39"
        }
      ],
      [
        {
          "side": "buy",
          "price": 67839.9,
          "quantity": 0.009,
          "timestamp": "2024-06-03 00:04:39"
        }
      ],
      [
        {
          "side": "sell",
          "price": 67839.4,
          "quantity": 0.216,
          "timestamp": "2024-06-03 00:04:39"
        }
      ],
      [
        {
          "side": "buy",
          "price": 67839.9,
          "quantity": 0.01,
          "timestamp": "2024-06-03 00:04:39"
        }
      ],
      [
        {
          "side": "sell",
          "price": 67829.8,
          "quantity": 0.25,
          "timestamp": "2024-06-03 00:04:39"
        }
      ],
      [
        {
          "side": "sell",
          "price": 67829.8,
          "quantity": 0.198,
          "timestamp": "2024-06-03 00:04:39"
        }
      ],
      [
        {
          "side": "buy",
          "price": 67830.3,
          "quantity": 0.152,
          "timestamp": "2024-06-03 00:04:39"
        }
      ],
      [
        {
          "side": "sell",
          "price": 67829.8,
          "quantity": 0.328,
          "timestamp": "2024-06-03 00:04:39"
        }
      ],
      [
        {
          "side": "buy",
          "price": 67830.3,
          "quantity": 0.213,
          "timestamp": "2024-06-03 00:04:39"
        }
      ],
      [
        {
          "side": "buy",
          "price": 67826.3,
          "quantity": 0.228,
          "timestamp": "2024-06-03 00:04:39"
        }
      ],
      [
        {
          "side": "buy",
          "price": 67826.3,
          "quantity": 0.187,
          "timestamp": "2024-06-03 00:04:39"
        }
      ],
      [
        {
          "side": "sell",
          "price": 67825.8,
          "quantity": 0.193,
          "timestamp": "2024-06-03 00:04:39"
        }
      ],
      [
        {
          "side": "buy",
          "price": 67822.3,
          "quantity": 0.353,
          "timestamp": "2024-06-03 00:04:39"
        }
      ],
      [
        {
          "side": "buy",
          "price": 67822.3,
          "quantity": 0.176,
          "timestamp": "2024-06-03 00:04:39"
        }
      ],
      [
        {
          "side": "sell",
          "price": 67821.8,
          "quantity": 0.364,
          "timestamp": "2024-06-03 00:04:39"
        }
      ],
      [
        {
          "side": "sell",
          "price": 67821.8,
          "quantity": 0.312,
          "timestamp": "2024-06-03 00:04:39"
        }
      ],
      [
        {
          "side": "buy",
          "price": 67822.3,
          "quantity": 0.14,
          "timestamp": "2024-06-03 00:04:39"
        }
      ],
      [
        {
          "side": "buy",
          "price": 67822.3,
          "quantity": 0.78,
          "timestamp": "2024-06-03 00:04:39"
        }
      ],
      [
        {
          "side": "sell",
          "price": 67821.8,
          "quantity": 0.609,
          "timestamp": "2024-06-03 00:04:39"
        }
      ],
      [
        {
          "side": "sell",
          "price": 67821.8,
          "quantity": 0.582,
          "timestamp": "2024-06-03 00:04:39"
        }
      ],
      [
        {
          "side": "buy",
          "price": 67822.3,
          "quantity": 0.666,
          "timestamp": "2024-06-03 00:04:39"
        }
      ],
      [
        {
          "side": "buy",
          "price": 67822.3,
          "quantity": 0.39,
          "timestamp": "2024-06-03 00:04:39"
        }
      ],
      [
        {
          "side": "buy",
          "price": 67822.3,
          "quantity": 0.792,
          "timestamp": "2024-06-03 00:04:39"
        }
      ],
      [
        {
          "side": "buy",
          "price": 67822.3,
          "quantity": 0.299,
          "timestamp": "2024-06-03 00:04:39"
        }
      ],
      [
        {
          "side": "sell",
          "price": 67821.8,
          "quantity": 0.327,
          "timestamp": "2024-06-03 00:04:39"
        }
      ],
      [
        {
          "side": "buy",
          "price": 67822.3,
          "quantity": 0.742,
          "timestamp": "2024-06-03 00:04:39"
        }
      ],
      [
        {
          "side": "sell",
          "price": 67821.8,
          "quantity": 0.738,
          "timestamp": "2024-06-03 00:04:39"
        }
      ],
      [
        {
          "side": "sell",
          "price": 67821.8,
          "quantity": 0.343,
          "timestamp": "2024-06-03 00:04:39"
        }
      ],
      [
        {
          "side": "buy",
          "price": 67822.3,
          "quantity": 0.291,
          "timestamp": "2024-06-03 00:04:39"
        }
      ],
      [
        {
          "side": "buy",
          "price": 67822.3,
          "quantity": 0.326,
          "timestamp": "2024-06-03 00:04:39"
        }
      ],
      [
        {
          "side": "sell",
          "price": 67821.8,
          "quantity": 0.311,
          "timestamp": "2024-06-03 00:04:39"
        }
      ],
      [
        {
          "side": "buy",
          "price": 67822.3,
          "quantity": 0.377,
          "timestamp": "2024-06-03 00:04:39"
        }
      ],
      [
        {
          "side": "sell",
          "price": 67821.8,
          "quantity": 0.295,
          "timestamp": "2024-06-03 00:04:39"
        }
      ],
      [
        {
          "side": "sell",
          "price": 67821.8,
          "quantity": 0.311,
          "timestamp": "2024-06-03 00:04:39"
        }
      ],
      [
        {
          "side": "buy",
          "price": 67822.3,
          "quantity": 0.279,
          "timestamp": "2024-06-03 00:04:39"
        }
      ],
      [
        {
          "side": "buy",
          "price": 67822.3,
          "quantity": 0.334,
          "timestamp": "2024-06-03 00:04:39"
        }
      ],
      [
        {
          "side": "sell",
          "price": 67821.8,
          "quantity": 0.065,
          "timestamp": "2024-06-03 00:04:39"
        }
      ],
      [
        {
          "side": "sell",
          "price": 67821.8,
          "quantity": 0.264,
          "timestamp": "2024-06-03 00:04:39"
        }
      ],
      [
        {
          "side": "buy",
          "price": 67822.3,
          "quantity": 0.234,
          "timestamp": "2024-06-03 00:04:39"
        }
      ],
      [
        {
          "side": "sell",
          "price": 67821.8,
          "quantity": 0.187,
          "timestamp": "2024-06-03 00:04:39"
        }
      ],
      [
        {
          "side": "sell",
          "price": 67821.8,
          "quantity": 0.168,
          "timestamp": "2024-06-03 00:04:39"
        }
      ],
      [
        {
          "side": "sell",
          "price": 67815.7,
          "quantity": 0.206,
          "timestamp": "2024-06-03 00:04:39"
        }
      ],
      [
        {
          "side": "buy",
          "price": 67814.3,
          "quantity": 0.301,
          "timestamp": "2024-06-03 00:04:39"
        }
      ],
      [
        {
          "side": "buy",
          "price": 67810.3,
          "quantity": 0.455,
          "timestamp": "2024-06-03 00:04:39"
        }
      ],
      [
        {
          "side": "sell",
          "price": 67806.8,
          "quantity": 0.368,
          "timestamp": "2024-06-03 00:04:39"
        }
      ],
      [
        {
          "side": "buy",
          "price": 67807.3,
          "quantity": 0.483,
          "timestamp": "2024-06-03 00:04:39"
        }
      ],
      [
        {
          "side": "sell",
          "price": 67806.8,
          "quantity": 0.553,
          "timestamp": "2024-06-03 00:04:39"
        }
      ],
      [
        {
          "side": "sell",
          "price": 67806.8,
          "quantity": 0.478,
          "timestamp": "2024-06-03 00:04:39"
        }
      ],
      [
        {
          "side": "sell",
          "price": 67806.8,
          "quantity": 0.222,
          "timestamp": "2024-06-03 00:04:39"
        }
      ],
      [
        {
          "side": "sell",
          "price": 67802.0,
          "quantity": 0.462,
          "timestamp": "2024-06-03 00:04:39"
        }
      ],
      [
        {
          "side": "buy",
          "price": 67802.5,
          "quantity": 0.275,
          "timestamp": "2024-06-03 00:04:39"
        }
      ],
      [
        {
          "side": "buy",
          "price": 67802.5,
          "quantity": 0.194,
          "timestamp": "2024-06-03 00:04:39"
        }
      ],
      [
        {
          "side": "sell",
          "price": 67802.0,
          "quantity": 0.238,
          "timestamp": "2024-06-03 00:04:39"
        }
      ],
      [
        {
          "side": "buy",
          "price": 67801.3,
          "quantity": 0.182,
          "timestamp": "2024-06-03 00:04:39"
        }
      ],
      [
        {
          "side": "buy",
          "price": 67799.2,
          "quantity": 0.34,
          "timestamp": "2024-06-03 00:04:39"
        }
      ],
      [
        {
          "side": "buy",
          "price": 67796.7,
          "quantity": 0.265,
          "timestamp": "2024-06-03 00:04:39"
        }
      ],
      [
        {
          "side": "sell",
          "price": 67796.2,
          "quantity": 0.276,
          "timestamp": "2024-06-03 00:04:39"
        }
      ],
      [
        {
          "side": "buy",
          "price": 67796.7,
          "quantity": 0.226,
          "timestamp": "2024-06-03 00:04:39"
        }
      ],
      [
        {
          "side": "sell",
          "price": 67796.2,
          "quantity": 0.265,
          "timestamp": "2024-06-03 00:04:39"
        }
      ],
      [
        {
          "side": "buy",
          "price": 67796.7,
          "quantity": 0.189,
          "timestamp": "2024-06-03 00:04:39"
        }
      ],
      [
        {
          "side": "sell",
          "price": 67796.2,
          "quantity": 0.215,
          "timestamp": "2024-06-03 00:04:39"
        }
      ],
      [
        {
          "side": "sell",
          "price": 67796.2,
          "quantity": 0.258,
          "timestamp": "2024-06-03 00:04:39"
        }
      ],
      [
        {
          "side": "sell",
          "price": 67796.2,
          "quantity": 0.231,
          "timestamp": "2024-06-03 00:04:39"
        }
      ],
      [
        {
          "side": "sell",
          "price": 67796.2,
          "quantity": 0.125,
          "timestamp": "2024-06-03 00:04:39"
        }
      ],
      [
        {
          "side": "buy",
          "price": 67796.7,
          "quantity": 0.213,
          "timestamp": "2024-06-03 00:04:39"
        }
      ],
      [
        {
          "side": "sell",
          "price": 67795.4,
          "quantity": 0.275,
          "timestamp": "2024-06-03 00:04:39"
        }
      ],
      [
        {
          "side": "sell",
          "price": 67791.7,
          "quantity": 0.303,
          "timestamp": "2024-06-03 00:04:39"
        }
      ],
      [
        {
          "side": "sell",
          "price": 67791.7,
          "quantity": 0.267,
          "timestamp": "2024-06-03 00:04:39"
        }
      ],
      [
        {
          "side": "buy",
          "price": 67792.2,
          "quantity": 0.166,
          "timestamp": "2024-06-03 00:04:39"
        }
      ],
      [
        {
          "side": "buy",
          "price": 67792.2,
          "quantity": 0.211,
          "timestamp": "2024-06-03 00:04:39"
        }
      ],
      [
        {
          "side": "sell",
          "price": 67800.3,
          "quantity": 0.003,
          "timestamp": "2024-06-03 00:04:39"
        }
      ],
      [
        {
          "side": "buy",
          "price": 67800.7,
          "quantity": 0.372,
          "timestamp": "2024-06-03 00:04:39"
        }
      ],
      [
        {
          "side": "buy",
          "price": 67803.6,
          "quantity": 0.289,
          "timestamp": "2024-06-03 00:04:39"
        }
      ],
      [
        {
          "side": "buy",
          "price": 67803.6,
          "quantity": 0.262,
          "timestamp": "2024-06-03 00:04:39"
        }
      ],
      [
        {
          "side": "sell",
          "price": 67803.3,
          "quantity": 0.192,
          "timestamp": "2024-06-03 00:04:39"
        }
      ],
      [
        {
          "side": "buy",
          "price": 67807.4,
          "quantity": 0.347,
          "timestamp": "2024-06-03 00:04:39"
        }
      ],
      [
        {
          "side": "buy",
          "price": 67810.4,
          "quantity": 0.341,
          "timestamp": "2024-06-03 00:04:39"
        }
      ],
      [
        {
          "side": "sell",
          "price": 67814.1,
          "quantity": 0.147,
          "timestamp": "2024-06-03 00:04:39"
        }
      ],
      [
        {
          "side": "buy",
          "price": 67814.6,
          "quantity": 0.188,
          "timestamp": "2024-06-03 00:04:39"
        }
      ],
      [
        {
          "side": "sell",
          "price": 67825.8,
          "quantity": 0.352,
          "timestamp": "2024-06-03 00:04:39"
        }
      ],
      [
        {
          "side": "sell",
          "price": 67821.9,
          "quantity": 0.222,
          "timestamp": "2024-06-03 00:04:39"
        }
      ],
      [
        {
          "side": "buy",
          "price": 67822.4,
          "quantity": 0.175,
          "timestamp": "2024-06-03 00:04:39"
        }
      ],
      [
        {
          "side": "sell",
          "price": 67821.9,
          "quantity": 0.337,
          "timestamp": "2024-06-03 00:04:39"
        }
      ],
      [
        {
          "side": "buy",
          "price": 67822.4,
          "quantity": 0.166,
          "timestamp": "2024-06-03 00:04:39"
        }
      ],
      [
        {
          "side": "buy",
          "price": 67829.6,
          "quantity": 0.309,
          "timestamp": "2024-06-03 00:04:39"
        }
      ],
      [
        {
          "side": "sell",
          "price": 67829.9,
          "quantity": 0.233,
          "timestamp": "2024-06-03 00:04:39"
        }
      ],
      [
        {
          "side": "sell",
          "price": 67833.9,
          "quantity": 0.165,
          "timestamp": "2024-06-03 00:04:39"
        }
      ],
      [
        {
          "side": "buy",
          "price": 67834.4,
          "quantity": 0.345,
          "timestamp": "2024-06-03 00:04:39"
        }
      ],
      [
        {
          "side": "sell",
          "price": 67833.9,
          "quantity": 0.247,
          "timestamp": "2024-06-03 00:04:39"
        }
      ],
      [
        {
          "side": "buy",
          "price": 67834.4,
          "quantity": 0.268,
          "timestamp": "2024-06-03 00:04:39"
        }
      ],
      [
        {
          "side": "sell",
          "price": 67833.9,
          "quantity": 0.255,
          "timestamp": "2024-06-03 00:04:39"
        }
      ],
      [
        {
          "side": "buy",
          "price": 67834.4,
          "quantity": 0.173,
          "timestamp": "2024-06-03 00:04:39"
        }
      ],
      [
        {
          "side": "buy",
          "price": 67834.4,
          "quantity": 0.16,
          "timestamp": "2024-06-03 00:04:39"
        }
      ],
      [
        {
          "side": "sell",
          "price": 67833.9,
          "quantity": 0.198,
          "timestamp": "2024-06-03 00:04:39"
        }
      ],
      [
        {
          "side": "sell",
          "price": 67833.9,
          "quantity": 0.132,
          "timestamp": "2024-06-03 00:04:39"
        }
      ],
      [
        {
          "side": "sell",
          "price": 67833.9,
          "quantity": 0.215,
          "timestamp": "2024-06-03 00:04:39"
        }
      ],
      [
        {
          "side": "buy",
          "price": 67834.4,
          "quantity": 0.229,
          "timestamp": "2024-06-03 00:04:39"
        }
      ],
      [
        {
          "side": "sell",
          "price": 67833.9,
          "quantity": 0.1,
          "timestamp": "2024-06-03 00:04:39"
        }
      ],
      [
        {
          "side": "buy",
          "price": 67834.4,
          "quantity": 0.143,
          "timestamp": "2024-06-03 00:04:39"
        }
      ],
      [
        {
          "side": "buy",
          "price": 67834.4,
          "quantity": 0.11,
          "timestamp": "2024-06-03 00:04:39"
        }
      ],
      [
        {
          "side": "buy",
          "price": 67838.3,
          "quantity": 0.184,
          "timestamp": "2024-06-03 00:04:39"
        }
      ],
      [
        {
          "side": "buy",
          "price": 67834.2,
          "quantity": 0.172,
          "timestamp": "2024-06-03 00:04:39"
        }
      ],
      [
        {
          "side": "sell",
          "price": 67833.7,
          "quantity": 0.14,
          "timestamp": "2024-06-03 00:04:39"
        }
      ],
      [
        {
          "side": "buy",
          "price": 67834.2,
          "quantity": 0.286,
          "timestamp": "2024-06-03 00:04:39"
        }
      ],
      [
        {
          "side": "buy",
          "price": 67834.2,
          "quantity": 0.118,
          "timestamp": "2024-06-03 00:04:39"
        }
      ],
      [
        {
          "side": "buy",
          "price": 67822.3,
          "quantity": 0.163,
          "timestamp": "2024-06-03 00:04:39"
        }
      ],
      [
        {
          "side": "buy",
          "price": 67822.3,
          "quantity": 0.257,
          "timestamp": "2024-06-03 00:04:39"
        }
      ],
      [
        {
          "side": "buy",
          "price": 67822.3,
          "quantity": 0.14,
          "timestamp": "2024-06-03 00:04:39"
        }
      ],
      [
        {
          "side": "buy",
          "price": 67818.4,
          "quantity": 0.195,
          "timestamp": "2024-06-03 00:04:39"
        }
      ],
      [
        {
          "side": "buy",
          "price": 67818.4,
          "quantity": 0.181,
          "timestamp": "2024-06-03 00:04:39"
        }
      ],
      [
        {
          "side": "sell",
          "price": 67817.9,
          "quantity": 0.143,
          "timestamp": "2024-06-03 00:04:39"
        }
      ],
      [
        {
          "side": "buy",
          "price": 67826.1,
          "quantity": 0.112,
          "timestamp": "2024-06-03 00:04:39"
        }
      ],
      [
        {
          "side": "sell",
          "price": 67825.6,
          "quantity": 0.181,
          "timestamp": "2024-06-03 00:04:39"
        }
      ],
      [
        {
          "side": "sell",
          "price": 67810.0,
          "quantity": 0.118,
          "timestamp": "2024-06-03 00:04:39"
        }
      ],
      [
        {
          "side": "buy",
          "price": 67807.3,
          "quantity": 0.163,
          "timestamp": "2024-06-03 00:04:39"
        }
      ],
      [
        {
          "side": "buy",
          "price": 67807.3,
          "quantity": 0.105,
          "timestamp": "2024-06-03 00:04:39"
        }
      ],
      [
        {
          "side": "buy",
          "price": 67807.3,
          "quantity": 0.073,
          "timestamp": "2024-06-03 00:04:39"
        }
      ],
      [
        {
          "side": "buy",
          "price": 67807.3,
          "quantity": 0.148,
          "timestamp": "2024-06-03 00:04:39"
        }
      ],
      [
        {
          "side": "buy",
          "price": 67807.3,
          "quantity": 0.183,
          "timestamp": "2024-06-03 00:04:39"
        }
      ],
      [
        {
          "side": "sell",
          "price": 67818.5,
          "quantity": 0.073,
          "timestamp": "2024-06-03 00:04:39"
        }
      ],
      [
        {
          "side": "buy",
          "price": 67823.3,
          "quantity": 0.097,
          "timestamp": "2024-06-03 00:04:39"
        }
      ],
      [
        {
          "side": "buy",
          "price": 67823.3,
          "quantity": 0.73,
          "timestamp": "2024-06-03 00:04:39"
        }
      ],
      [
        {
          "side": "buy",
          "price": 67823.3,
          "quantity": 0.476,
          "timestamp": "2024-06-03 00:04:39"
        }
      ],
      [
        {
          "side": "buy",
          "price": 67823.3,
          "quantity": 0.368,
          "timestamp": "2024-06-03 00:04:39"
        }
      ],
      [
        {
          "side": "buy",
          "price": 67830.9,
          "quantity": 0.941,
          "timestamp": "2024-06-03 00:04:39"
        }
      ],
      [
        {
          "side": "buy",
          "price": 67830.9,
          "quantity": 0.582,
          "timestamp": "2024-06-03 00:04:39"
        }
      ],
      [
        {
          "side": "buy",
          "price": 67830.9,
          "quantity": 0.834,
          "timestamp": "2024-06-03 00:04:39"
        }
      ],
      [
        {
          "side": "sell",
          "price": 67830.4,
          "quantity": 0.365,
          "timestamp": "2024-06-03 00:04:39"
        }
      ],
      [
        {
          "side": "buy",
          "price": 67830.9,
          "quantity": 0.972,
          "timestamp": "2024-06-03 00:04:39"
        }
      ],
      [
        {
          "side": "sell",
          "price": 67830.4,
          "quantity": 0.459,
          "timestamp": "2024-06-03 00:04:39"
        }
      ],
      [
        {
          "side": "buy",
          "price": 67835.1,
          "quantity": 0.836,
          "timestamp": "2024-06-03 00:04:39"
        }
      ],
      [
        {
          "side": "buy",
          "price": 67835.1,
          "quantity": 0.466,
          "timestamp": "2024-06-03 00:04:39"
        }
      ],
      [
        {
          "side": "sell",
          "price": 67834.6,
          "quantity": 0.15,
          "timestamp": "2024-06-03 00:04:39"
        }
      ],
      [
        {
          "side": "sell",
          "price": 67834.6,
          "quantity": 0.066,
          "timestamp": "2024-06-03 00:04:39"
        }
      ],
      [
        {
          "side": "sell",
          "price": 67834.6,
          "quantity": 0.246,
          "timestamp": "2024-06-03 00:04:39"
        }
      ],
      [
        {
          "side": "sell",
          "price": 67834.6,
          "quantity": 0.237,
          "timestamp": "2024-06-03 00:04:39"
        }
      ],
      [
        {
          "side": "sell",
          "price": 67834.6,
          "quantity": 0.038,
          "timestamp": "2024-06-03 00:04:39"
        }
      ],
      [
        {
          "side": "sell",
          "price": 67834.6,
          "quantity": 0.648,
          "timestamp": "2024-06-03 00:04:39"
        }
      ],
      [
        {
          "side": "buy",
          "price": 67835.1,
          "quantity": 1.181,
          "timestamp": "2024-06-03 00:04:39"
        }
      ],
      [
        {
          "side": "buy",
          "price": 67835.1,
          "quantity": 0.801,
          "timestamp": "2024-06-03 00:04:39"
        }
      ],
      [
        {
          "side": "sell",
          "price": 67834.6,
          "quantity": 0.845,
          "timestamp": "2024-06-03 00:04:39"
        }
      ],
      [
        {
          "side": "sell",
          "price": 67834.6,
          "quantity": 0.646,
          "timestamp": "2024-06-03 00:04:39"
        }
      ],
      [
        {
          "side": "buy",
          "price": 67835.1,
          "quantity": 0.951,
          "timestamp": "2024-06-03 00:04:39"
        }
      ],
      [
        {
          "side": "buy",
          "price": 67835.1,
          "quantity": 0.582,
          "timestamp": "2024-06-03 00:04:39"
        }
      ],
      [
        {
          "side": "buy",
          "price": 67835.1,
          "quantity": 0.666,
          "timestamp": "2024-06-03 00:04:39"
        }
      ],
      [
        {
          "side": "buy",
          "price": 67835.1,
          "quantity": 0.944,
          "timestamp": "2024-06-03 00:04:39"
        }
      ],
      [
        {
          "side": "sell",
          "price": 67834.6,
          "quantity": 0.006,
          "timestamp": "2024-06-03 00:04:39"
        }
      ],
      [
        {
          "side": "sell",
          "price": 67834.6,
          "quantity": 0.156,
          "timestamp": "2024-06-03 00:04:39"
        }
      ],
      [
        {
          "side": "sell",
          "price": 67834.6,
          "quantity": 0.243,
          "timestamp": "2024-06-03 00:04:39"
        }
      ],
      [
        {
          "side": "sell",
          "price": 67834.6,
          "quantity": 0.01,
          "timestamp": "2024-06-03 00:04:39"
        }
      ],
      [
        {
          "side": "buy",
          "price": 67835.1,
          "quantity": 0.091,
          "timestamp": "2024-06-03 00:04:39"
        }
      ],
      [
        {
          "side": "buy",
          "price": 67838.3,
          "quantity": 0.237,
          "timestamp": "2024-06-03 00:04:39"
        }
      ],
      [
        {
          "side": "sell",
          "price": 67838.3,
          "quantity": 0.129,
          "timestamp": "2024-06-03 00:04:39"
        }
      ],
      [
        {
          "side": "sell",
          "price": 67834.6,
          "quantity": 0.224,
          "timestamp": "2024-06-03 00:04:39"
        }
      ],
      [
        {
          "side": "sell",
          "price": 67834.6,
          "quantity": 0.148,
          "timestamp": "2024-06-03 00:04:39"
        }
      ],
      [
        {
          "side": "sell",
          "price": 67834.6,
          "quantity": 0.038,
          "timestamp": "2024-06-03 00:04:39"
        }
      ],
      [
        {
          "side": "buy",
          "price": 67835.1,
          "quantity": 0.192,
          "timestamp": "2024-06-03 00:04:39"
        }
      ],
      [
        {
          "side": "buy",
          "price": 67835.1,
          "quantity": 0.001,
          "timestamp": "2024-06-03 00:04:39"
        }
      ],
      [
        {
          "side": "sell",
          "price": 67834.6,
          "quantity": 0.159,
          "timestamp": "2024-06-03 00:04:39"
        }
      ],
      [
        {
          "side": "buy",
          "price": 67842.4,
          "quantity": 0.245,
          "timestamp": "2024-06-03 00:04:39"
        }
      ],
      [
        {
          "side": "buy",
          "price": 67842.4,
          "quantity": 0.254,
          "timestamp": "2024-06-03 00:04:39"
        }
      ],
      [
        {
          "side": "buy",
          "price": 67842.4,
          "quantity": 0.111,
          "timestamp": "2024-06-03 00:04:39"
        }
      ],
      [
        {
          "side": "sell",
          "price": 67841.9,
          "quantity": 0.207,
          "timestamp": "2024-06-03 00:04:39"
        }
      ],
      [
        {
          "side": "buy",
          "price": 67842.4,
          "quantity": 0.1,
          "timestamp": "2024-06-03 00:04:39"
        }
      ],
      [
        {
          "side": "buy",
          "price": 67842.4,
          "quantity": 0.021,
          "timestamp": "2024-06-03 00:04:39"
        }
      ],
      [
        {
          "side": "sell",
          "price": 67841.9,
          "quantity": 0.245,
          "timestamp": "2024-06-03 00:04:39"
        }
      ],
      [
        {
          "side": "sell",
          "price": 67841.9,
          "quantity": 0.191,
          "timestamp": "2024-06-03 00:04:39"
        }
      ],
      [
        {
          "side": "sell",
          "price": 67841.9,
          "quantity": 0.247,
          "timestamp": "2024-06-03 00:04:39"
        }
      ],
      [
        {
          "side": "buy",
          "price": 67847.3,
          "quantity": 0.139,
          "timestamp": "2024-06-03 00:04:39"
        }
      ],
      [
        {
          "side": "buy",
          "price": 67857.1,
          "quantity": 0.143,
          "timestamp": "2024-06-03 00:04:39"
        }
      ],
      [
        {
          "side": "sell",
          "price": 67856.6,
          "quantity": 0.21,
          "timestamp": "2024-06-03 00:04:39"
        }
      ],
      [
        {
          "side": "buy",
          "price": 67857.1,
          "quantity": 0.575,
          "timestamp": "2024-06-03 00:04:39"
        }
      ],
      [
        {
          "side": "sell",
          "price": 67866.3,
          "quantity": 0.527,
          "timestamp": "2024-06-03 00:04:39"
        }
      ],
      [
        {
          "side": "sell",
          "price": 67866.3,
          "quantity": 0.446,
          "timestamp": "2024-06-03 00:04:39"
        }
      ],
      [
        {
          "side": "sell",
          "price": 67866.3,
          "quantity": 0.704,
          "timestamp": "2024-06-03 00:04:39"
        }
      ],
      [
        {
          "side": "sell",
          "price": 67866.3,
          "quantity": 0.523,
          "timestamp": "2024-06-03 00:04:39"
        }
      ],
      [
        {
          "side": "sell",
          "price": 67866.3,
          "quantity": 0.615,
          "timestamp": "2024-06-03 00:04:39"
        }
      ],
      [
        {
          "side": "buy",
          "price": 67866.8,
          "quantity": 0.698,
          "timestamp": "2024-06-03 00:04:39"
        }
      ],
      [
        {
          "side": "buy",
          "price": 67865.9,
          "quantity": 0.585,
          "timestamp": "2024-06-03 00:04:39"
        }
      ],
      [
        {
          "side": "buy",
          "price": 67865.9,
          "quantity": 0.29,
          "timestamp": "2024-06-03 00:04:39"
        }
      ],
      [
        {
          "side": "buy",
          "price": 67865.9,
          "quantity": 0.255,
          "timestamp": "2024-06-03 00:04:39"
        }
      ],
      [
        {
          "side": "sell",
          "price": 67865.4,
          "quantity": 0.289,
          "timestamp": "2024-06-03 00:04:39"
        }
      ],
      [
        {
          "side": "sell",
          "price": 67861.8,
          "quantity": 0.272,
          "timestamp": "2024-06-03 00:04:39"
        }
      ],
      [
        {
          "side": "buy",
          "price": 67862.3,
          "quantity": 0.552,
          "timestamp": "2024-06-03 00:04:39"
        }
      ],
      [
        {
          "side": "sell",
          "price": 67857.8,
          "quantity": 0.298,
          "timestamp": "2024-06-03 00:04:39"
        }
      ],
      [
        {
          "side": "sell",
          "price": 67857.8,
          "quantity": 0.496,
          "timestamp": "2024-06-03 00:04:39"
        }
      ],
      [
        {
          "side": "sell",
          "price": 67857.8,
          "quantity": 0.552,
          "timestamp": "2024-06-03 00:04:39"
        }
      ],
      [
        {
          "side": "sell",
          "price": 67857.8,
          "quantity": 0.337,
          "timestamp": "2024-06-03 00:04:39"
        }
      ],
      [
        {
          "side": "buy",
          "price": 67854.1,
          "quantity": 0.435,
          "timestamp": "2024-06-03 00:04:39"
        }
      ],
      [
        {
          "side": "sell",
          "price": 67852.8,
          "quantity": 0.388,
          "timestamp": "2024-06-03 00:04:39"
        }
      ],
      [
        {
          "side": "buy",
          "price": 67856.9,
          "quantity": 0.453,
          "timestamp": "2024-06-03 00:04:39"
        }
      ],
      [
        {
          "side": "sell",
          "price": 67856.4,
          "quantity": 0.469,
          "timestamp": "2024-06-03 00:04:39"
        }
      ],
      [
        {
          "side": "buy",
          "price": 67856.9,
          "quantity": 0.561,
          "timestamp": "2024-06-03 00:04:39"
        }
      ],
      [
        {
          "side": "buy",
          "price": 67856.9,
          "quantity": 0.208,
          "timestamp": "2024-06-03 00:04:39"
        }
      ],
      [
        {
          "side": "sell",
          "price": 67861.8,
          "quantity": 0.11,
          "timestamp": "2024-06-03 00:04:39"
        }
      ],
      [
        {
          "side": "buy",
          "price": 67862.3,
          "quantity": 0.284,
          "timestamp": "2024-06-03 00:04:39"
        }
      ],
      [
        {
          "side": "buy",
          "price": 67862.3,
          "quantity": 0.237,
          "timestamp": "2024-06-03 00:04:39"
        }
      ],
      [
        {
          "side": "buy",
          "price": 67858.2,
          "quantity": 0.189,
          "timestamp": "2024-06-03 00:04:39"
        }
      ],
      [
        {
          "side": "buy",
          "price": 67858.2,
          "quantity": 0.268,
          "timestamp": "2024-06-03 00:04:39"
        }
      ],
      [
        {
          "side": "sell",
          "price": 67859.7,
          "quantity": 0.211,
          "timestamp": "2024-06-03 00:04:39"
        }
      ],
      [
        {
          "side": "sell",
          "price": 67859.8,
          "quantity": 0.101,
          "timestamp": "2024-06-03 00:04:39"
        }
      ],
      [
        {
          "side": "buy",
          "price": 67860.3,
          "quantity": 0.163,
          "timestamp": "2024-06-03 00:04:39"
        }
      ],
      [
        {
          "side": "sell",
          "price": 67859.8,
          "quantity": 0.143,
          "timestamp": "2024-06-03 00:04:39"
        }
      ],
      [
        {
          "side": "buy",
          "price": 67860.3,
          "quantity": 0.331,
          "timestamp": "2024-06-03 00:04:39"
        }
      ],
      [
        {
          "side": "buy",
          "price": 67860.3,
          "quantity": 0.231,
          "timestamp": "2024-06-03 00:04:39"
        }
      ],
      [
        {
          "side": "buy",
          "price": 67860.3,
          "quantity": 0.277,
          "timestamp": "2024-06-03 00:04:39"
        }
      ],
      [
        {
          "side": "buy",
          "price": 67860.3,
          "quantity": 0.209,
          "timestamp": "2024-06-03 00:04:39"
        }
      ],
      [
        {
          "side": "buy",
          "price": 67860.3,
          "quantity": 0.321,
          "timestamp": "2024-06-03 00:04:39"
        }
      ],
      [
        {
          "side": "sell",
          "price": 67859.8,
          "quantity": 0.146,
          "timestamp": "2024-06-03 00:04:39"
        }
      ],
      [
        {
          "side": "sell",
          "price": 67859.8,
          "quantity": 0.268,
          "timestamp": "2024-06-03 00:04:39"
        }
      ],
      [
        {
          "side": "sell",
          "price": 67857.7,
          "quantity": 0.134,
          "timestamp": "2024-06-03 00:04:39"
        }
      ],
      [
        {
          "side": "buy",
          "price": 67854.4,
          "quantity": 0.351,
          "timestamp": "2024-06-03 00:04:39"
        }
      ],
      [
        {
          "side": "sell",
          "price": 67853.9,
          "quantity": 0.201,
          "timestamp": "2024-06-03 00:04:39"
        }
      ],
      [
        {
          "side": "sell",
          "price": 67853.9,
          "quantity": 0.34,
          "timestamp": "2024-06-03 00:04:39"
        }
      ],
      [
        {
          "side": "buy",
          "price": 67848.0,
          "quantity": 0.365,
          "timestamp": "2024-06-03 00:04:39"
        }
      ],
      [
        {
          "side": "buy",
          "price": 67848.0,
          "quantity": 0.448,
          "timestamp": "2024-06-03 00:04:39"
        }
      ],
      [
        {
          "side": "sell",
          "price": 67852.6,
          "quantity": 0.575,
          "timestamp": "2024-06-03 00:04:39"
        }
      ],
      [
        {
          "side": "buy",
          "price": 67858.4,
          "quantity": 0.767,
          "timestamp": "2024-06-03 00:04:39"
        }
      ],
      [
        {
          "side": "buy",
          "price": 67872.5,
          "quantity": 0.505,
          "timestamp": "2024-06-03 00:04:39"
        }
      ],
      [
        {
          "side": "sell",
          "price": 67872.0,
          "quantity": 0.543,
          "timestamp": "2024-06-03 00:04:39"
        }
      ],
      [
        {
          "side": "buy",
          "price": 67872.5,
          "quantity": 0.526,
          "timestamp": "2024-06-03 00:04:39"
        }
      ],
      [
        {
          "side": "sell",
          "price": 67873.8,
          "quantity": 0.347,
          "timestamp": "2024-06-03 00:04:39"
        }
      ],
      [
        {
          "side": "buy",
          "price": 67891.2,
          "quantity": 0.396,
          "timestamp": "2024-06-03 00:04:39"
        }
      ],
      [
        {
          "side": "sell",
          "price": 67890.7,
          "quantity": 0.387,
          "timestamp": "2024-06-03 00:04:39"
        }
      ],
      [
        {
          "side": "buy",
          "price": 67894.2,
          "quantity": 0.328,
          "timestamp": "2024-06-03 00:04:39"
        }
      ],
      [
        {
          "side": "buy",
          "price": 67894.2,
          "quantity": 0.121,
          "timestamp": "2024-06-03 00:04:39"
        }
      ],
      [
        {
          "side": "buy",
          "price": 67894.2,
          "quantity": 0.071,
          "timestamp": "2024-06-03 00:04:39"
        }
      ],
      [
        {
          "side": "sell",
          "price": 67893.7,
          "quantity": 0.103,
          "timestamp": "2024-06-03 00:04:39"
        }
      ],
      [
        {
          "side": "buy",
          "price": 67894.2,
          "quantity": 0.17,
          "timestamp": "2024-06-03 00:04:39"
        }
      ],
      [
        {
          "side": "sell",
          "price": 67893.7,
          "quantity": 0.024,
          "timestamp": "2024-06-03 00:04:39"
        }
      ],
      [
        {
          "side": "buy",
          "price": 67894.2,
          "quantity": 0.164,
          "timestamp": "2024-06-03 00:04:39"
        }
      ],
      [
        {
          "side": "sell",
          "price": 67893.7,
          "quantity": 0.156,
          "timestamp": "2024-06-03 00:04:39"
        }
      ],
      [
        {
          "side": "buy",
          "price": 67894.2,
          "quantity": 0.02,
          "timestamp": "2024-06-03 00:04:39"
        }
      ],
      [
        {
          "side": "buy",
          "price": 67894.2,
          "quantity": 0.15,
          "timestamp": "2024-06-03 00:04:39"
        }
      ],
      [
        {
          "side": "sell",
          "price": 67893.7,
          "quantity": 0.13,
          "timestamp": "2024-06-03 00:04:39"
        }
      ],
      [
        {
          "side": "buy",
          "price": 67894.2,
          "quantity": 0.177,
          "timestamp": "2024-06-03 00:04:39"
        }
      ],
      [
        {
          "side": "buy",
          "price": 67894.2,
          "quantity": 0.116,
          "timestamp": "2024-06-03 00:04:39"
        }
      ],
      [
        {
          "side": "sell",
          "price": 67886.0,
          "quantity": 0.128,
          "timestamp": "2024-06-03 00:04:39"
        }
      ],
      [
        {
          "side": "sell",
          "price": 67886.0,
          "quantity": 0.074,
          "timestamp": "2024-06-03 00:04:39"
        }
      ],
      [
        {
          "side": "sell",
          "price": 67886.0,
          "quantity": 0.095,
          "timestamp": "2024-06-03 00:04:39"
        }
      ],
      [
        {
          "side": "buy",
          "price": 67886.5,
          "quantity": 0.379,
          "timestamp": "2024-06-03 00:04:39"
        }
      ],
      [
        {
          "side": "buy",
          "price": 67886.5,
          "quantity": 0.53,
          "timestamp": "2024-06-03 00:04:39"
        }
      ],
      [
        {
          "side": "sell",
          "price": 67886.1,
          "quantity": 0.454,
          "timestamp": "2024-06-03 00:04:39"
        }
      ],
      [
        {
          "side": "sell",
          "price": 67889.2,
          "quantity": 0.002,
          "timestamp": "2024-06-03 00:04:39"
        }
      ],
      [
        {
          "side": "sell",
          "price": 67889.2,
          "quantity": 0.005,
          "timestamp": "2024-06-03 00:04:39"
        }
      ],
      [
        {
          "side": "sell",
          "price": 67889.3,
          "quantity": 0.264,
          "timestamp": "2024-06-03 00:04:39"
        }
      ],
      [
        {
          "side": "sell",
          "price": 67902.5,
          "quantity": 0.579,
          "timestamp": "2024-06-03 00:04:39"
        }
      ],
      [
        {
          "side": "sell",
          "price": 67910.0,
          "quantity": 0.037,
          "timestamp": "2024-06-03 00:04:39"
        }
      ],
      [
        {
          "side": "buy",
          "price": 67910.1,
          "quantity": 0.393,
          "timestamp": "2024-06-03 00:04:39"
        }
      ],
      [
        {
          "side": "buy",
          "price": 67910.1,
          "quantity": 0.606,
          "timestamp": "2024-06-03 00:04:39"
        }
      ],
      [
        {
          "side": "buy",
          "price": 67910.1,
          "quantity": 0.332,
          "timestamp": "2024-06-03 00:04:39"
        }
      ],
      [
        {
          "side": "buy",
          "price": 67910.1,
          "quantity": 0.001,
          "timestamp": "2024-06-03 00:04:39"
        }
      ],
      [
        {
          "side": "buy",
          "price": 67910.1,
          "quantity": 0.085,
          "timestamp": "2024-06-03 00:04:39"
        }
      ],
      [
        {
          "side": "sell",
          "price": 67910.0,
          "quantity": 0.001,
          "timestamp": "2024-06-03 00:04:39"
        }
      ],
      [
        {
          "side": "buy",
          "price": 67910.1,
          "quantity": 0.513,
          "timestamp": "2024-06-03 00:04:39"
        }
      ],
      [
        {
          "side": "buy",
          "price": 67910.1,
          "quantity": 0.274,
          "timestamp": "2024-06-03 00:04:39"
        }
      ],
      [
        {
          "side": "buy",
          "price": 67910.1,
          "quantity": 0.248,
          "timestamp": "2024-06-03 00:04:39"
        }
      ],
      [
        {
          "side": "buy",
          "price": 67910.1,
          "quantity": 0.028,
          "timestamp": "2024-06-03 00:04:39"
        }
      ],
      [
        {
          "side": "buy",
          "price": 67914.3,
          "quantity": 0.205,
          "timestamp": "2024-06-03 00:04:39"
        }
      ],
      [
        {
          "side": "sell",
          "price": 67917.7,
          "quantity": 0.193,
          "timestamp": "2024-06-03 00:04:39"
        }
      ],
      [
        {
          "side": "buy",
          "price": 67916.9,
          "quantity": 0.277,
          "timestamp": "2024-06-03 00:04:39"
        }
      ],
      [
        {
          "side": "buy",
          "price": 67914.3,
          "quantity": 0.244,
          "timestamp": "2024-06-03 00:04:39"
        }
      ],
      [
        {
          "side": "sell",
          "price": 67913.8,
          "quantity": 0.174,
          "timestamp": "2024-06-03 00:04:39"
        }
      ],
      [
        {
          "side": "sell",
          "price": 67913.8,
          "quantity": 0.133,
          "timestamp": "2024-06-03 00:04:39"
        }
      ],
      [
        {
          "side": "sell",
          "price": 67913.8,
          "quantity": 0.138,
          "timestamp": "2024-06-03 00:04:39"
        }
      ],
      [
        {
          "side": "sell",
          "price": 67913.8,
          "quantity": 0.235,
          "timestamp": "2024-06-03 00:04:39"
        }
      ],
      [
        {
          "side": "buy",
          "price": 67914.3,
          "quantity": 0.063,
          "timestamp": "2024-06-03 00:04:39"
        }
      ],
      [
        {
          "side": "buy",
          "price": 67914.3,
          "quantity": 0.054,
          "timestamp": "2024-06-03 00:04:39"
        }
      ],
      [
        {
          "side": "buy",
          "price": 67914.3,
          "quantity": 0.101,
          "timestamp": "2024-06-03 00:04:39"
        }
      ],
      [
        {
          "side": "sell",
          "price": 67914.9,
          "quantity": 0.14,
          "timestamp": "2024-06-03 00:04:39"
        }
      ],
      [
        {
          "side": "buy",
          "price": 67915.4,
          "quantity": 0.137,
          "timestamp": "2024-06-03 00:04:39"
        }
      ],
      [
        {
          "side": "buy",
          "price": 67915.4,
          "quantity": 0.003,
          "timestamp": "2024-06-03 00:04:39"
        }
      ],
      [
        {
          "side": "sell",
          "price": 67922.1,
          "quantity": 0.196,
          "timestamp": "2024-06-03 00:04:39"
        }
      ],
      [
        {
          "side": "buy",
          "price": 67922.2,
          "quantity": 0.059,
          "timestamp": "2024-06-03 00:04:39"
        }
      ],
      [
        {
          "side": "buy",
          "price": 67922.2,
          "quantity": 0.001,
          "timestamp": "2024-06-03 00:04:39"
        }
      ],
      [
        {
          "side": "buy",
          "price": 67922.1,
          "quantity": 0.068,
          "timestamp": "2024-06-03 00:04:39"
        }
      ],
      [
        {
          "side": "buy",
          "price": 67922.1,
          "quantity": 0.081,
          "timestamp": "2024-06-03 00:04:39"
        }
      ],
      [
        {
          "side": "buy",
          "price": 67922.1,
          "quantity": 0.002,
          "timestamp": "2024-06-03 00:04:39"
        }
      ],
      [
        {
          "side": "sell",
          "price": 67918.4,
          "quantity": 0.002,
          "timestamp": "2024-06-03 00:04:39"
        }
      ],
      [
        {
          "side": "sell",
          "price": 67917.7,
          "quantity": 0.132,
          "timestamp": "2024-06-03 00:04:39"
        }
      ],
      [
        {
          "side": "buy",
          "price": 67909.3,
          "quantity": 0.148,
          "timestamp": "2024-06-03 00:04:39"
        }
      ],
      [
        {
          "side": "sell",
          "price": 67908.8,
          "quantity": 0.118,
          "timestamp": "2024-06-03 00:04:39"
        }
      ],
      [
        {
          "side": "buy",
          "price": 67909.3,
          "quantity": 0.049,
          "timestamp": "2024-06-03 00:04:39"
        }
      ],
      [
        {
          "side": "sell",
          "price": 67908.8,
          "quantity": 0.071,
          "timestamp": "2024-06-03 00:04:39"
        }
      ],
      [
        {
          "side": "buy",
          "price": 67909.3,
          "quantity": 0.139,
          "timestamp": "2024-06-03 00:04:39"
        }
      ],
      [
        {
          "side": "sell",
          "price": 67908.8,
          "quantity": 0.66,
          "timestamp": "2024-06-03 00:04:39"
        }
      ],
      [
        {
          "side": "buy",
          "price": 67906.2,
          "quantity": 0.37,
          "timestamp": "2024-06-03 00:04:39"
        }
      ],
      [
        {
          "side": "sell",
          "price": 67905.7,
          "quantity": 0.75,
          "timestamp": "2024-06-03 00:04:39"
        }
      ],
      [
        {
          "side": "buy",
          "price": 67898.2,
          "quantity": 0.497,
          "timestamp": "2024-06-03 00:04:39"
        }
      ],
      [
        {
          "side": "buy",
          "price": 67889.7,
          "quantity": 0.461,
          "timestamp": "2024-06-03 00:04:39"
        }
      ],
      [
        {
          "side": "sell",
          "price": 67889.2,
          "quantity": 0.643,
          "timestamp": "2024-06-03 00:04:39"
        }
      ],
      [
        {
          "side": "sell",
          "price": 67889.2,
          "quantity": 0.606,
          "timestamp": "2024-06-03 00:04:39"
        }
      ],
      [
        {
          "side": "buy",
          "price": 67889.7,
          "quantity": 0.798,
          "timestamp": "2024-06-03 00:04:39"
        }
      ],
      [
        {
          "side": "sell",
          "price": 67889.2,
          "quantity": 0.902,
          "timestamp": "2024-06-03 00:04:39"
        }
      ],
      [
        {
          "side": "buy",
          "price": 67889.7,
          "quantity": 0.99,
          "timestamp": "2024-06-03 00:04:39"
        }
      ],
      [
        {
          "side": "sell",
          "price": 67889.2,
          "quantity": 0.01,
          "timestamp": "2024-06-03 00:04:39"
        }
      ],
      [
        {
          "side": "sell",
          "price": 67889.2,
          "quantity": 0.334,
          "timestamp": "2024-06-03 00:04:39"
        }
      ],
      [
        {
          "side": "buy",
          "price": 67878.4,
          "quantity": 0.173,
          "timestamp": "2024-06-03 00:04:39"
        }
      ],
      [
        {
          "side": "buy",
          "price": 67891.0,
          "quantity": 0.242,
          "timestamp": "2024-06-03 00:04:39"
        }
      ],
      [
        {
          "side": "sell",
          "price": 67904.4,
          "quantity": 0.294,
          "timestamp": "2024-06-03 00:04:39"
        }
      ],
      [
        {
          "side": "buy",
          "price": 67904.9,
          "quantity": 0.141,
          "timestamp": "2024-06-03 00:04:39"
        }
      ],
      [
        {
          "side": "sell",
          "price": 67904.4,
          "quantity": 0.017,
          "timestamp": "2024-06-03 00:04:39"
        }
      ],
      [
        {
          "side": "buy",
          "price": 67904.9,
          "quantity": 0.275,
          "timestamp": "2024-06-03 00:04:39"
        }
      ],
      [
        {
          "side": "sell",
          "price": 67921.7,
          "quantity": 0.002,
          "timestamp": "2024-06-03 00:04:39"
        }
      ],
      [
        {
          "side": "sell",
          "price": 67921.7,
          "quantity": 0.196,
          "timestamp": "2024-06-03 00:04:39"
        }
      ],
      [
        {
          "side": "sell",
          "price": 67917.7,
          "quantity": 0.27,
          "timestamp": "2024-06-03 00:04:39"
        }
      ],
      [
        {
          "side": "buy",
          "price": 67908.6,
          "quantity": 0.31,
          "timestamp": "2024-06-03 00:04:39"
        }
      ],
      [
        {
          "side": "buy",
          "price": 67908.0,
          "quantity": 0.269,
          "timestamp": "2024-06-03 00:04:39"
        }
      ],
      [
        {
          "side": "buy",
          "price": 67906.1,
          "quantity": 0.138,
          "timestamp": "2024-06-03 00:04:39"
        }
      ],
      [
        {
          "side": "buy",
          "price": 67906.1,
          "quantity": 0.298,
          "timestamp": "2024-06-03 00:04:39"
        }
      ],
      [
        {
          "side": "sell",
          "price": 67905.6,
          "quantity": 0.121,
          "timestamp": "2024-06-03 00:04:39"
        }
      ],
      [
        {
          "side": "buy",
          "price": 67906.1,
          "quantity": 0.144,
          "timestamp": "2024-06-03 00:04:39"
        }
      ],
      [
        {
          "side": "sell",
          "price": 67905.6,
          "quantity": 0.192,
          "timestamp": "2024-06-03 00:04:39"
        }
      ],
      [
        {
          "side": "buy",
          "price": 67898.4,
          "quantity": 0.081,
          "timestamp": "2024-06-03 00:04:39"
        }
      ],
      [
        {
          "side": "sell",
          "price": 67896.0,
          "quantity": 0.037,
          "timestamp": "2024-06-03 00:04:39"
        }
      ],
      [
        {
          "side": "sell",
          "price": 67896.6,
          "quantity": 0.258,
          "timestamp": "2024-06-03 00:04:39"
        }
      ],
      [
        {
          "side": "sell",
          "price": 67897.6,
          "quantity": 1.705,
          "timestamp": "2024-06-03 00:04:39"
        }
      ],
      [
        {
          "side": "sell",
          "price": 67897.6,
          "quantity": 0.183,
          "timestamp": "2024-06-03 00:04:39"
        }
      ],
      [
        {
          "side": "buy",
          "price": 67886.2,
          "quantity": 0.04,
          "timestamp": "2024-06-03 00:04:39"
        }
      ],
      [
        {
          "side": "buy",
          "price": 67886.2,
          "quantity": 0.145,
          "timestamp": "2024-06-03 00:04:39"
        }
      ],
      [
        {
          "side": "sell",
          "price": 67885.7,
          "quantity": 0.14,
          "timestamp": "2024-06-03 00:04:39"
        }
      ],
      [
        {
          "side": "buy",
          "price": 67878.5,
          "quantity": 0.079,
          "timestamp": "2024-06-03 00:04:39"
        }
      ],
      [
        {
          "side": "sell",
          "price": 67878.0,
          "quantity": 0.096,
          "timestamp": "2024-06-03 00:04:39"
        }
      ],
      [
        {
          "side": "buy",
          "price": 67877.7,
          "quantity": 0.364,
          "timestamp": "2024-06-03 00:04:39"
        }
      ],
      [
        {
          "side": "buy",
          "price": 67869.7,
          "quantity": 0.322,
          "timestamp": "2024-06-03 00:04:39"
        }
      ],
      [
        {
          "side": "buy",
          "price": 67869.7,
          "quantity": 0.347,
          "timestamp": "2024-06-03 00:04:39"
        }
      ],
      [
        {
          "side": "sell",
          "price": 67869.2,
          "quantity": 0.354,
          "timestamp": "2024-06-03 00:04:39"
        }
      ],
      [
        {
          "side": "buy",
          "price": 67869.7,
          "quantity": 0.003,
          "timestamp": "2024-06-03 00:04:39"
        }
      ],
      [
        {
          "side": "sell",
          "price": 67865.1,
          "quantity": 0.371,
          "timestamp": "2024-06-03 00:04:39"
        }
      ],
      [
        {
          "side": "sell",
          "price": 67864.4,
          "quantity": 0.317,
          "timestamp": "2024-06-03 00:04:39"
        }
      ],
      [
        {
          "side": "sell",
          "price": 67864.4,
          "quantity": 0.038,
          "timestamp": "2024-06-03 00:04:39"
        }
      ],
      [
        {
          "side": "sell",
          "price": 67864.4,
          "quantity": 0.038,
          "timestamp": "2024-06-03 00:04:39"
        }
      ],
      [
        {
          "side": "sell",
          "price": 67864.4,
          "quantity": 0.004,
          "timestamp": "2024-06-03 00:04:39"
        }
      ],
      [
        {
          "side": "buy",
          "price": 67854.1,
          "quantity": 0.394,
          "timestamp": "2024-06-03 00:04:39"
        }
      ],
      [
        {
          "side": "sell",
          "price": 67849.9,
          "quantity": 0.372,
          "timestamp": "2024-06-03 00:04:39"
        }
      ],
      [
        {
          "side": "buy",
          "price": 67850.4,
          "quantity": 0.207,
          "timestamp": "2024-06-03 00:04:39"
        }
      ],
      [
        {
          "side": "buy",
          "price": 67855.6,
          "quantity": 0.231,
          "timestamp": "2024-06-03 00:04:39"
        }
      ],
      [
        {
          "side": "buy",
          "price": 67858.4,
          "quantity": 0.208,
          "timestamp": "2024-06-03 00:04:39"
        }
      ],
      [
        {
          "side": "sell",
          "price": 67857.9,
          "quantity": 1.056,
          "timestamp": "2024-06-03 00:04:39"
        }
      ],
      [
        {
          "side": "buy",
          "price": 67862.5,
          "quantity": 0.951,
          "timestamp": "2024-06-03 00:04:39"
        }
      ],
      [
        {
          "side": "sell",
          "price": 67865.8,
          "quantity": 0.403,
          "timestamp": "2024-06-03 00:04:39"
        }
      ],
      [
        {
          "side": "sell",
          "price": 67865.8,
          "quantity": 0.876,
          "timestamp": "2024-06-03 00:04:39"
        }
      ],
      [
        {
          "side": "buy",
          "price": 67894.3,
          "quantity": 0.004,
          "timestamp": "2024-06-03 00:04:39"
        }
      ],
      [
        {
          "side": "sell",
          "price": 67893.8,
          "quantity": 0.731,
          "timestamp": "2024-06-03 00:04:39"
        }
      ],
      [
        {
          "side": "buy",
          "price": 67896.3,
          "quantity": 0.382,
          "timestamp": "2024-06-03 00:04:39"
        }
      ],
      [
        {
          "side": "sell",
          "price": 67901.8,
          "quantity": 0.422,
          "timestamp": "2024-06-03 00:04:39"
        }
      ],
      [
        {
          "side": "buy",
          "price": 67907.4,
          "quantity": 0.564,
          "timestamp": "2024-06-03 00:04:39"
        }
      ],
      [
        {
          "side": "buy",
          "price": 67907.4,
          "quantity": 0.887,
          "timestamp": "2024-06-03 00:04:39"
        }
      ],
      [
        {
          "side": "sell",
          "price": 67906.9,
          "quantity": 0.496,
          "timestamp": "2024-06-03 00:04:39"
        }
      ],
      [
        {
          "side": "buy",
          "price": 67907.4,
          "quantity": 0.004,
          "timestamp": "2024-06-03 00:04:39"
        }
      ],
      [
        {
          "side": "sell",
          "price": 67908.8,
          "quantity": 0.004,
          "timestamp": "2024-06-03 00:04:39"
        }
      ],
      [
        {
          "side": "sell",
          "price": 67909.7,
          "quantity": 0.636,
          "timestamp": "2024-06-03 00:04:39"
        }
      ],
      [
        {
          "side": "sell",
          "price": 67915.4,
          "quantity": 0.264,
          "timestamp": "2024-06-03 00:04:39"
        }
      ],
      [
        {
          "side": "buy",
          "price": 67910.9,
          "quantity": 0.348,
          "timestamp": "2024-06-03 00:04:39"
        }
      ],
      [
        {
          "side": "sell",
          "price": 67910.4,
          "quantity": 3.0,
          "timestamp": "2024-06-03 00:04:39"
        }
      ],
      [
        {
          "side": "buy",
          "price": 67911.2,
          "quantity": 0.013,
          "timestamp": "2024-06-03 00:04:39"
        }
      ],
      [
        {
          "side": "buy",
          "price": 67910.9,
          "quantity": 0.168,
          "timestamp": "2024-06-03 00:04:39"
        }
      ],
      [
        {
          "side": "buy",
          "price": 67910.9,
          "quantity": 0.05,
          "timestamp": "2024-06-03 00:04:39"
        }
      ],
      [
        {
          "side": "sell",
          "price": 67910.4,
          "quantity": 0.403,
          "timestamp": "2024-06-03 00:04:39"
        }
      ],
      [
        {
          "side": "buy",
          "price": 67910.7,
          "quantity": 0.462,
          "timestamp": "2024-06-03 00:04:39"
        }
      ],
      [
        {
          "side": "sell",
          "price": 67910.4,
          "quantity": 0.001,
          "timestamp": "2024-06-03 00:04:39"
        }
      ],
      [
        {
          "side": "sell",
          "price": 67908.8,
          "quantity": 0.356,
          "timestamp": "2024-06-03 00:04:39"
        }
      ],
      [
        {
          "side": "buy",
          "price": 67909.3,
          "quantity": 0.593,
          "timestamp": "2024-06-03 00:04:39"
        }
      ],
      [
        {
          "side": "buy",
          "price": 67906.4,
          "quantity": 0.45,
          "timestamp": "2024-06-03 00:04:39"
        }
      ],
      [
        {
          "side": "buy",
          "price": 67910.1,
          "quantity": 0.015,
          "timestamp": "2024-06-03 00:04:39"
        }
      ],
      [
        {
          "side": "buy",
          "price": 67900.0,
          "quantity": 0.001,
          "timestamp": "2024-06-03 00:04:39"
        }
      ],
      [
        {
          "side": "buy",
          "price": 67900.0,
          "quantity": 0.001,
          "timestamp": "2024-06-03 00:04:39"
        }
      ],
      [
        {
          "side": "sell",
          "price": 67880.5,
          "quantity": 0.271,
          "timestamp": "2024-06-03 00:04:39"
        }
      ],
      [
        {
          "side": "sell",
          "price": 67880.5,
          "quantity": 0.438,
          "timestamp": "2024-06-03 00:04:39"
        }
      ],
      [
        {
          "side": "buy",
          "price": 67881.0,
          "quantity": 0.319,
          "timestamp": "2024-06-03 00:04:39"
        }
      ],
      [
        {
          "side": "buy",
          "price": 67881.0,
          "quantity": 0.15,
          "timestamp": "2024-06-03 00:04:39"
        }
      ],
      [
        {
          "side": "buy",
          "price": 67881.0,
          "quantity": 0.189,
          "timestamp": "2024-06-03 00:04:39"
        }
      ],
      [
        {
          "side": "sell",
          "price": 67880.5,
          "quantity": 0.23,
          "timestamp": "2024-06-03 00:04:39"
        }
      ],
      [
        {
          "side": "sell",
          "price": 67876.9,
          "quantity": 0.19,
          "timestamp": "2024-06-03 00:04:39"
        }
      ],
      [
        {
          "side": "buy",
          "price": 67876.5,
          "quantity": 0.305,
          "timestamp": "2024-06-03 00:04:39"
        }
      ],
      [
        {
          "side": "buy",
          "price": 67860.0,
          "quantity": 1.241,
          "timestamp": "2024-06-03 00:04:39"
        }
      ],
      [
        {
          "side": "buy",
          "price": 67860.0,
          "quantity": 0.529,
          "timestamp": "2024-06-03 00:04:39"
        }
      ],
      [
        {
          "side": "buy",
          "price": 67860.0,
          "quantity": 0.061,
          "timestamp": "2024-06-03 00:04:39"
        }
      ],
      [
        {
          "side": "buy",
          "price": 67860.0,
          "quantity": 0.163,
          "timestamp": "2024-06-03 00:04:39"
        }
      ],
      [
        {
          "side": "buy",
          "price": 67860.0,
          "quantity": 0.75,
          "timestamp": "2024-06-03 00:04:39"
        }
      ],
      [
        {
          "side": "buy",
          "price": 67860.0,
          "quantity": 0.107,
          "timestamp": "2024-06-03 00:04:39"
        }
      ],
      [
        {
          "side": "buy",
          "price": 67860.0,
          "quantity": 0.149,
          "timestamp": "2024-06-03 00:04:39"
        }
      ],
      [
        {
          "side": "sell",
          "price": 67859.7,
          "quantity": 0.235,
          "timestamp": "2024-06-03 00:04:39"
        }
      ],
      [
        {
          "side": "buy",
          "price": 67850.0,
          "quantity": 0.474,
          "timestamp": "2024-06-03 00:04:39"
        }
      ],
      [
        {
          "side": "buy",
          "price": 67850.0,
          "quantity": 0.079,
          "timestamp": "2024-06-03 00:04:39"
        }
      ],
      [
        {
          "side": "sell",
          "price": 67849.9,
          "quantity": 0.221,
          "timestamp": "2024-06-03 00:04:39"
        }
      ],
      [
        {
          "side": "sell",
          "price": 67849.9,
          "quantity": 0.318,
          "timestamp": "2024-06-03 00:04:39"
        }
      ],
      [
        {
          "side": "sell",
          "price": 67849.9,
          "quantity": 0.45,
          "timestamp": "2024-06-03 00:04:39"
        }
      ],
      [
        {
          "side": "sell",
          "price": 67849.9,
          "quantity": 0.248,
          "timestamp": "2024-06-03 00:04:39"
        }
      ],
      [
        {
          "side": "buy",
          "price": 67850.0,
          "quantity": 0.01,
          "timestamp": "2024-06-03 00:04:39"
        }
      ],
      [
        {
          "side": "buy",
          "price": 67850.0,
          "quantity": 0.038,
          "timestamp": "2024-06-03 00:04:39"
        }
      ],
      [
        {
          "side": "buy",
          "price": 67850.0,
          "quantity": 0.038,
          "timestamp": "2024-06-03 00:04:39"
        }
      ],
      [
        {
          "side": "sell",
          "price": 67849.9,
          "quantity": 0.434,
          "timestamp": "2024-06-03 00:04:39"
        }
      ],
      [
        {
          "side": "sell",
          "price": 67849.9,
          "quantity": 0.319,
          "timestamp": "2024-06-03 00:04:39"
        }
      ],
      [
        {
          "side": "buy",
          "price": 67846.3,
          "quantity": 0.559,
          "timestamp": "2024-06-03 00:04:39"
        }
      ],
      [
        {
          "side": "buy",
          "price": 67841.9,
          "quantity": 0.403,
          "timestamp": "2024-06-03 00:04:39"
        }
      ],
      [
        {
          "side": "buy",
          "price": 67841.9,
          "quantity": 0.391,
          "timestamp": "2024-06-03 00:04:39"
        }
      ],
      [
        {
          "side": "sell",
          "price": 67841.4,
          "quantity": 0.274,
          "timestamp": "2024-06-03 00:04:39"
        }
      ],
      [
        {
          "side": "buy",
          "price": 67841.9,
          "quantity": 0.557,
          "timestamp": "2024-06-03 00:04:39"
        }
      ],
      [
        {
          "side": "sell",
          "price": 67841.4,
          "quantity": 0.279,
          "timestamp": "2024-06-03 00:04:39"
        }
      ],
      [
        {
          "side": "buy",
          "price": 67841.9,
          "quantity": 0.252,
          "timestamp": "2024-06-03 00:04:39"
        }
      ],
      [
        {
          "side": "buy",
          "price": 67841.9,
          "quantity": 0.432,
          "timestamp": "2024-06-03 00:04:39"
