[
  {
    "trades": [
      [
        {
          "side": "buy",
          "price": 67981.8,
          "quantity": 0.003358,
          "timestamp": "2024-06-03 00:05:16"
        }
      ]
    ],
    "liquidations": [],
    "receive_time": 1717369516.917,
    "_doc": "88e38198-269f-4614-8e2e-444f9ac28cad"
  },
  {
    "trades": [
      [
        {
          "side": "buy",
          "price": 67981.8,
          "quantity": 0.004259,
          "timestamp": "2024-06-03 00:05:16"
        }
      ]
    ],
    "liquidations": [],
    "receive_time": 1717369516.569,
    "_doc": "0f315b1c-8807-4d60-9e04-977f8643224a"
  },
  {
    "trades": [
      [
        {
          "side": "buy",
          "price": 67981.8,
          "quantity": 0.00622,
          "timestamp": "2024-06-03 00:05:16"
        }
      ]
    ],
    "liquidations": [],
    "receive_time": 1717369516.367,
    "_doc": "5de3ec6d-c7d2-4b84-80a4-3445ea3698e7"
  },
  {
    "trades": [
      [
        {
          "side": "buy",
          "price": 67981.8,
          "quantity": 0.003861,
          "timestamp": "2024-06-03 00:05:15"
        }
      ]
    ],
    "liquidations": [],
    "receive_time": 1717369515.911,
    "_doc": "3a4c5464-ad8d-4b73-8f1f-8a5c2d912409"
  },
  {
    "trades": [
      [
        {
          "side": "buy",
          "price": 67940.21,
          "quantity": 0.00061,
          "timestamp": "2024-06-03 00:05:15"
        }
      ]
    ],
    "liquidations": [],
    "receive_time": 1717369515.874,
    "_doc": "7b9f6759-d16a-413c-89f1-95afc19f2bdc"
  },
  {
    "trades": [
      [
        {
          "side": "buy",
          "price": 67981.8,
          "quantity": 0.005742,
          "timestamp": "2024-06-03 00:05:15"
        }
      ]
    ],
    "liquidations": [],
    "receive_time": 1717369515.711,
    "_doc": "c78a2612-eafe-4da4-ba49-dc75b3b43d58"
  },
  {
    "trades": [
      [
        {
          "side": "sell",
          "price": 67981.79,
          "quantity": 0.010745,
          "timestamp": "2024-06-03 00:05:15"
        }
      ]
    ],
    "liquidations": [],
    "receive_time": 1717369515.344,
    "_doc": "ccbc7dc7-170b-4d23-b916-b59e89505d51"
  },
  {
    "trades": [
      [
        {
          "side": "buy",
          "price": 67981.8,
          "quantity": 0.012716,
          "timestamp": "2024-06-03 00:05:14"
        }
      ]
    ],
    "liquidations": [],
    "receive_time": 1717369514.929,
    "_doc": "ca0679db-1c1d-4c21-931f-1271a46bfd2f"
  },
  {
    "trades": [
      [
        {
          "side": "buy",
          "price": 67981.8,
          "quantity": 0.010748,
          "timestamp": "2024-06-03 00:05:14"
        }
      ]
    ],
    "liquidations": [],
    "receive_time": 1717369514.56,
    "_doc": "f921d70c-2171-4c6b-951d-8a8c9ed13fef"
  },
  {
    "trades": [
      [
        {
          "side": "buy",
          "price": 67981.8,
          "quantity": 0.005594,
          "timestamp": "2024-06-03 00:05:14"
        }
      ]
    ],
    "liquidations": [],
    "receive_time": 1717369514.444,
    "_doc": "7614b06c-4ae0-4e80-8371-1f9e35c8a812"
  },
  {
    "trades": [
      [
        {
          "side": "buy",
          "price": 67981.8,
          "quantity": 0.015064,
          "timestamp": "2024-06-03 00:05:14"
        }
      ]
    ],
    "liquidations": [],
    "receive_time": 1717369514.006,
    "_doc": "f1390fcc-8567-4e8f-800e-1b47bd573241"
  },
  {
    "trades": [
      [
        {
          "side": "buy",
          "price": 67981.8,
          "quantity": 0.009166,
          "timestamp": "2024-06-03 00:05:13"
        }
      ]
    ],
    "liquidations": [],
    "receive_time": 1717369513.756,
    "_doc": "6fd8fa60-7067-4566-a589-7d404d1a2b23"
  },
  {
    "trades": [
      [
        {
          "side": "sell",
          "price": 67981.79,
          "quantity": 0.02375,
          "timestamp": "2024-06-03 00:05:13"
        }
      ]
    ],
    "liquidations": [],
    "receive_time": 1717369513.403,
    "_doc": "f200c929-04e8-428b-9762-fbaef6e0c8a7"
  },
  {
    "trades": [
      [
        {
          "side": "buy",
          "price": 67957.69,
          "quantity": 0.00172,
          "timestamp": "2024-06-03 00:05:13"
        }
      ]
    ],
    "liquidations": [],
    "receive_time": 1717369513.329,
    "_doc": "ffef2b23-4db4-477e-af5d-a1c46321698c"
  },
  {
    "trades": [
      [
        {
          "side": "buy",
          "price": 67981.8,
          "quantity": 0.00861,
          "timestamp": "2024-06-03 00:05:13"
        }
      ]
    ],
    "liquidations": [],
    "receive_time": 1717369513.155,
    "_doc": "8c374c75-ba26-424a-99ac-62e3ea65fd70"
  },
  {
    "trades": [
      [
        {
          "side": "sell",
          "price": 67981.79,
          "quantity": 0.007447,
          "timestamp": "2024-06-03 00:05:12"
        }
      ]
    ],
    "liquidations": [],
    "receive_time": 1717369512.784,
    "_doc": "ffa2413f-8b10-4524-a6d6-1ca5734d5004"
  },
  {
    "trades": [
      [
        {
          "side": "sell",
          "price": 67981.79,
          "quantity": 0.011462,
          "timestamp": "2024-06-03 00:05:12"
        }
      ]
    ],
    "liquidations": [],
    "receive_time": 1717369512.383,
    "_doc": "4fc883e6-18c9-4bff-94e6-f91a3c888427"
  },
  {
    "trades": [
      [
        {
          "side": "buy",
          "price": 67981.8,
          "quantity": 0.015938,
          "timestamp": "2024-06-03 00:05:11"
        }
      ]
    ],
    "liquidations": [],
    "receive_time": 1717369511.859,
    "_doc": "cd1f569a-a69c-42a8-8ed6-72a91f5378bd"
  },
  {
    "trades": [
      [
        {
          "side": "buy",
          "price": 67981.8,
          "quantity": 0.015746,
          "timestamp": "2024-06-03 00:05:11"
        }
      ]
    ],
    "liquidations": [],
    "receive_time": 1717369511.708,
    "_doc": "07822057-50f8-46d8-9e0c-1dbe70a37dbf"
  },
  {
    "trades": [
      [
        {
          "side": "sell",
          "price": 67981.79,
          "quantity": 0.005661,
          "timestamp": "2024-06-03 00:05:11"
        }
      ]
    ],
    "liquidations": [],
    "receive_time": 1717369511.4,
    "_doc": "5536f717-9643-4784-9f03-3b806dcff66c"
  },
  {
    "trades": [
      [
        {
          "side": "sell",
          "price": 67981.79,
          "quantity": 0.002087,
          "timestamp": "2024-06-03 00:05:11"
        }
      ]
    ],
    "liquidations": [],
    "receive_time": 1717369511.349,
    "_doc": "045b33ed-9b27-4737-8746-7c3d1d511744"
  },
  {
    "trades": [
      [
        {
          "side": "buy",
          "price": 67952.5,
          "quantity": 0.00089,
          "timestamp": "2024-06-03 00:05:10"
        }
      ]
    ],
    "liquidations": [],
    "receive_time": 1717369510.988,
    "_doc": "a8cbd201-9740-45bb-b51d-f09a50491e3c"
  },
  {
    "trades": [
      [
        {
          "side": "sell",
          "price": 67981.79,
          "quantity": 0.002581,
          "timestamp": "2024-06-03 00:05:10"
        }
      ]
    ],
    "liquidations": [],
    "receive_time": 1717369510.868,
    "_doc": "e6b76ec3-8398-4522-909d-20b4d6183640"
  },
  {
    "trades": [
      [
        {
          "side": "buy",
          "price": 67981.8,
          "quantity": 0.005311,
          "timestamp": "2024-06-03 00:05:10"
        }
      ]
    ],
    "liquidations": [],
    "receive_time": 1717369510.723,
    "_doc": "586b07f5-16bf-4b4c-a05d-6df5009a9996"
  },
  {
    "trades": [
      [
        {
          "side": "buy",
          "price": 67981.8,
          "quantity": 0.003837,
          "timestamp": "2024-06-03 00:05:10"
        }
      ]
    ],
    "liquidations": [],
    "receive_time": 1717369510.486,
    "_doc": "e0400b6e-0c14-4013-a8c0-b124c2714187"
  },
  {
    "trades": [
      [
        {
          "side": "sell",
          "price": 67981.79,
          "quantity": 0.008631,
          "timestamp": "2024-06-03 00:05:10"
        }
      ]
    ],
    "liquidations": [],
    "receive_time": 1717369510.386,
    "_doc": "29abff9b-3938-4a90-a42e-e8c9f456b1da"
  },
  {
    "trades": [
      [
        {
          "side": "sell",
          "price": 67981.79,
          "quantity": 0.007147,
          "timestamp": "2024-06-03 00:05:10"
        }
      ]
    ],
    "liquidations": [],
    "receive_time": 1717369510.01,
    "_doc": "694ff5e6-ecc1-4a9c-9d22-eda15e61cb20"
  },
  {
    "trades": [
      [
        {
          "side": "sell",
          "price": 67981.79,
          "quantity": 0.004085,
          "timestamp": "2024-06-03 00:05:09"
        }
      ]
    ],
    "liquidations": [],
    "receive_time": 1717369509.859,
    "_doc": "618eec16-917f-45f7-8859-ee41a874cb9b"
  },
  {
    "trades": [
      [
        {
          "side": "buy",
          "price": 67981.8,
          "quantity": 0.005531,
          "timestamp": "2024-06-03 00:05:09"
        }
      ]
    ],
    "liquidations": [],
    "receive_time": 1717369509.379,
    "_doc": "cdb89e9e-0a8e-43b4-a28f-76a603694f6a"
  },
  {
    "trades": [
      [
        {
          "side": "buy",
          "price": 67981.8,
          "quantity": 0.004297,
          "timestamp": "2024-06-03 00:05:09"
        }
      ]
    ],
    "liquidations": [],
    "receive_time": 1717369509.228,
    "_doc": "b563aa4e-58ad-4a2b-9a4f-9e37d6107199"
  },
  {
    "trades": [
      [
        {
          "side": "buy",
          "price": 67981.8,
          "quantity": 0.003428,
          "timestamp": "2024-06-03 00:05:08"
        }
      ]
    ],
    "liquidations": [],
    "receive_time": 1717369508.793,
    "_doc": "c93234ee-dff1-4313-9005-7a8b716b9e01"
  },
  {
    "trades": [
      [
        {
          "side": "buy",
          "price": 67930.91,
          "quantity": 0.0015,
          "timestamp": "2024-06-03 00:05:08"
        }
      ]
    ],
    "liquidations": [],
    "receive_time": 1717369508.722,
    "_doc": "8441eb33-8fe4-41d7-9d76-1cd86e089467"
  },
  {
    "trades": [
      [
        {
          "side": "buy",
          "price": 67981.8,
          "quantity": 0.002631,
          "timestamp": "2024-06-03 00:05:08"
        }
      ]
    ],
    "liquidations": [],
    "receive_time": 1717369508.491,
    "_doc": "e4cb9d55-199d-45e6-a1d9-d16775bac2f6"
  },
  {
    "trades": [
      [
        {
          "side": "sell",
          "price": 67981.79,
          "quantity": 0.008884,
          "timestamp": "2024-06-03 00:05:08"
        }
      ]
    ],
    "liquidations": [],
    "receive_time": 1717369508.396,
    "_doc": "d6d1559f-919b-4e29-a929-7911da29cd91"
  },
  {
    "trades": [
      [
        {
          "side": "buy",
          "price": 67981.8,
          "quantity": 0.007754,
          "timestamp": "2024-06-03 00:05:08"
        }
      ]
    ],
    "liquidations": [],
    "receive_time": 1717369508.121,
    "_doc": "85887daf-ee1f-49b0-87b3-927feea98470"
  },
  {
    "trades": [
      [
        {
          "side": "sell",
          "price": 67981.79,
          "quantity": 0.005967,
          "timestamp": "2024-06-03 00:05:07"
        }
      ]
    ],
    "liquidations": [],
    "receive_time": 1717369507.693,
    "_doc": "df63573c-d47a-4438-92e3-184c1e98fe50"
  },
  {
    "trades": [
      [
        {
          "side": "sell",
          "price": 67981.79,
          "quantity": 0.014244,
          "timestamp": "2024-06-03 00:05:07"
        }
      ]
    ],
    "liquidations": [],
    "receive_time": 1717369507.391,
    "_doc": "added724-f007-44ef-ad8d-726a82de5b77"
  },
  {
    "trades": [
      [
        {
          "side": "buy",
          "price": 67981.8,
          "quantity": 0.010261,
          "timestamp": "2024-06-03 00:05:06"
        }
      ]
    ],
    "liquidations": [],
    "receive_time": 1717369506.973,
    "_doc": "636d218a-ca37-4eff-96eb-07d3681b4c75"
  },
  {
    "trades": [
      [
        {
          "side": "buy",
          "price": 67935.1,
          "quantity": 0.00133,
          "timestamp": "2024-06-03 00:05:06"
        }
      ]
    ],
    "liquidations": [],
    "receive_time": 1717369506.653,
    "_doc": "708652d3-be8d-4d3c-90a5-ebbaee34bf86"
  },
  {
    "trades": [
      [
        {
          "side": "buy",
          "price": 67981.8,
          "quantity": 0.010125,
          "timestamp": "2024-06-03 00:05:06"
        }
      ]
    ],
    "liquidations": [],
    "receive_time": 1717369506.628,
    "_doc": "e2d4d152-5df2-49e9-9a7c-19ac97d43ed2"
  },
  {
    "trades": [
      [
        {
          "side": "sell",
          "price": 67981.79,
          "quantity": 0.008565,
          "timestamp": "2024-06-03 00:05:06"
        }
      ]
    ],
    "liquidations": [],
    "receive_time": 1717369506.359,
    "_doc": "c377b73f-2ee8-401b-b98d-88ee8ea07a51"
  },
  {
    "trades": [
      [
        {
          "side": "buy",
          "price": 67981.8,
          "quantity": 0.004804,
          "timestamp": "2024-06-03 00:05:06"
        }
      ]
    ],
    "liquidations": [],
    "receive_time": 1717369506.096,
    "_doc": "83b2743b-2c4b-4c04-b43e-31f39c351bee"
  },
  {
    "trades": [
      [
        {
          "side": "buy",
          "price": 67981.8,
          "quantity": 0.004753,
          "timestamp": "2024-06-03 00:05:05"
        }
      ]
    ],
    "liquidations": [],
    "receive_time": 1717369505.727,
    "_doc": "cc3cf052-1c8e-40f1-b70d-eb6f03273096"
  },
  {
    "trades": [
      [
        {
          "side": "buy",
          "price": 67981.8,
          "quantity": 0.005412,
          "timestamp": "2024-06-03 00:05:05"
        }
      ]
    ],
    "liquidations": [],
    "receive_time": 1717369505.496,
    "_doc": "fd3b1862-bfc2-46f7-99e1-4a65e367fd59"
  },
  {
    "trades": [
      [
        {
          "side": "sell",
          "price": 67981.79,
          "quantity": 0.017097,
          "timestamp": "2024-06-03 00:05:05"
        }
      ]
    ],
    "liquidations": [],
    "receive_time": 1717369505.397,
    "_doc": "6bf16213-0f4b-493a-9a25-1e4a97900b94"
  },
  {
    "trades": [
      [
        {
          "side": "sell",
          "price": 67981.79,
          "quantity": 0.019146,
          "timestamp": "2024-06-03 00:05:05"
        }
      ]
    ],
    "liquidations": [],
    "receive_time": 1717369505.093,
    "_doc": "55546ca4-787c-46d9-be3e-ff970387d84e"
  },
  {
    "trades": [
      [
        {
          "side": "sell",
          "price": 67981.79,
          "quantity": 0.007927,
          "timestamp": "2024-06-03 00:05:04"
        }
      ]
    ],
    "liquidations": [],
    "receive_time": 1717369504.642,
    "_doc": "7135d369-5b45-4043-bca8-0ee3aeefaa1a"
  },
  {
    "trades": [
      [
        {
          "side": "buy",
          "price": 67950.91,
          "quantity": 0.00125,
          "timestamp": "2024-06-03 00:05:04"
        }
      ]
    ],
    "liquidations": [],
    "receive_time": 1717369504.401,
    "_doc": "e0d600fe-80ad-4d75-af36-cf536d61fdbf"
  },
  {
    "trades": [
      [
        {
          "side": "sell",
          "price": 67981.79,
          "quantity": 0.018248,
          "timestamp": "2024-06-03 00:05:04"
        }
      ]
    ],
    "liquidations": [],
    "receive_time": 1717369504.389,
    "_doc": "4e90cfc0-8bc5-48f5-8ec3-bef91b9df243"
  },
  {
    "trades": [
      [
        {
          "side": "sell",
          "price": 67981.79,
          "quantity": 0.01567,
          "timestamp": "2024-06-03 00:05:04"
        }
      ]
    ],
    "liquidations": [],
    "receive_time": 1717369504.29,
    "_doc": "13c5d7ef-db95-44e3-8272-c84c0a2e0a92"
  },
  {
    "trades": [
      [
        {
          "side": "sell",
          "price": 67981.79,
          "quantity": 0.019447,
          "timestamp": "2024-06-03 00:05:03"
        }
      ]
    ],
    "liquidations": [],
    "receive_time": 1717369503.884,
    "_doc": "d96a60d3-c601-4385-b938-c4e2ac7d6da5"
  },
  {
    "trades": [
      [
        {
          "side": "buy",
          "price": 67981.8,
          "quantity": 0.00895,
          "timestamp": "2024-06-03 00:05:03"
        }
      ]
    ],
    "liquidations": [],
    "receive_time": 1717369503.375,
    "_doc": "42c1c1c1-4fbb-4577-a141-150f8dfe8941"
  },
  {
    "trades": [
      [
        {
          "side": "sell",
          "price": 67981.79,
          "quantity": 0.010734,
          "timestamp": "2024-06-03 00:05:03"
        }
      ]
    ],
    "liquidations": [],
    "receive_time": 1717369503.011,
    "_doc": "5e2ee561-bd5b-4703-8c64-350731189697"
  },
  {
    "trades": [
      [
        {
          "side": "buy",
          "price": 67981.8,
          "quantity": 0.013271,
          "timestamp": "2024-06-03 00:05:02"
        }
      ]
    ],
    "liquidations": [],
    "receive_time": 1717369502.66,
    "_doc": "1e3494a2-6f8a-4242-9b3e-b3a218c1a1b8"
  },
  {
    "trades": [
      [
        {
          "side": "buy",
          "price": 67981.8,
          "quantity": 0.007265,
          "timestamp": "2024-06-03 00:05:02"
        }
      ]
    ],
    "liquidations": [],
    "receive_time": 1717369502.361,
    "_doc": "5c80e65d-04f3-4dde-9101-5f563d77638d"
  },
  {
    "trades": [
      [
        {
          "side": "sell",
          "price": 67935.04,
          "quantity": 0.00085,
          "timestamp": "2024-06-03 00:05:02"
        }
      ]
    ],
    "liquidations": [],
    "receive_time": 1717369502.251,
    "_doc": "330d1811-af3f-4923-8cb9-4b8ac030b317"
  },
  {
    "trades": [
      [
        {
          "side": "buy",
          "price": 67981.8,
          "quantity": 0.005913,
          "timestamp": "2024-06-03 00:05:02"
        }
      ]
    ],
    "liquidations": [],
    "receive_time": 1717369502.239,
    "_doc": "6e50b4a6-8f3d-4c4c-9ef2-a37bf997fbf0"
  },
  {
    "trades": [
      [
        {
          "side": "sell",
          "price": 67981.79,
          "quantity": 0.004572,
          "timestamp": "2024-06-03 00:05:01"
        }
      ]
    ],
    "liquidations": [],
    "receive_time": 1717369501.73,
    "_doc": "87ef5189-9658-43c4-920e-f1504b27d817"
  },
  {
    "trades": [
      [
        {
          "side": "buy",
          "price": 67981.8,
          "quantity": 0.006173,
          "timestamp": "2024-06-03 00:05:01"
        }
      ]
    ],
    "liquidations": [],
    "receive_time": 1717369501.397,
    "_doc": "a1802e94-0352-4156-8b2a-193388f8caca"
  },
  {
    "trades": [
      [
        {
          "side": "buy",
          "price": 67981.8,
          "quantity": 0.004273,
          "timestamp": "2024-06-03 00:05:01"
        }
      ]
    ],
    "liquidations": [],
    "receive_time": 1717369501.023,
    "_doc": "536ead40-d4a5-4d06-bc46-ea9b46104b6d"
  },
  {
    "trades": [
      [
        {
          "side": "buy",
          "price": 67981.8,
          "quantity": 0.005712,
          "timestamp": "2024-06-03 00:05:00"
        }
      ]
    ],
    "liquidations": [],
    "receive_time": 1717369500.874,
    "_doc": "f2144fdc-ac9c-4cde-9566-86693933be17"
  },
  {
    "trades": [
      [
        {
          "side": "sell",
          "price": 67981.79,
          "quantity": 0.005041,
          "timestamp": "2024-06-03 00:05:00"
        }
      ]
    ],
    "liquidations": [],
    "receive_time": 1717369500.724,
    "_doc": "13787183-d176-44fa-8ee8-caa09bd5a0d9"
  },
  {
    "trades": [
      [
        {
          "side": "buy",
          "price": 67960.34,
          "quantity": 0.00058,
          "timestamp": "2024-06-03 00:05:00"
        }
      ]
    ],
    "liquidations": [],
    "receive_time": 1717369500.552,
    "_doc": "c8ac350d-2728-4451-9b50-456671183f7d"
  },
  {
    "trades": [
      [
        {
          "side": "sell",
          "price": 67981.79,
          "quantity": 0.002931,
          "timestamp": "2024-06-03 00:05:00"
        }
      ],
      [
        {
          "side": "buy",
          "price": 67981.8,
          "quantity": 4.8e-05,
          "timestamp": "2024-06-03 00:05:00"
        }
      ],
      [
        {
          "side": "sell",
          "price": 67981.79,
          "quantity": 0.000157,
          "timestamp": "2024-06-03 00:05:00"
        }
      ]
    ],
    "liquidations": [],
    "receive_time": 1717369500.37,
    "_doc": "1c272e88-642d-49a9-bbeb-e6c22621e6a7"
  },
  {
    "trades": [
      [
        {
          "side": "buy",
          "price": 67981.8,
          "quantity": 0.002318,
          "timestamp": "2024-06-03 00:05:00"
        }
      ]
    ],
    "liquidations": [],
    "receive_time": 1717369500.215,
    "_doc": "92ce9138-fb31-4137-9d16-8e37f78dd0de"
  },
  {
    "trades": [
      [
        {
          "side": "sell",
          "price": 67981.79,
          "quantity": 0.005626,
          "timestamp": "2024-06-03 00:04:59"
        }
      ]
    ],
    "liquidations": [],
    "receive_time": 1717369499.71,
    "_doc": "8b408a99-7a69-4e67-91a6-96daa8b4df1e"
  },
  {
    "trades": [
      [
        {
          "side": "sell",
          "price": 67981.79,
          "quantity": 0.005472,
          "timestamp": "2024-06-03 00:04:59"
        }
      ]
    ],
    "liquidations": [],
    "receive_time": 1717369499.35,
    "_doc": "8670f051-a93b-40e4-bf14-6da5e3554855"
  },
  {
    "trades": [
      [
        {
          "side": "sell",
          "price": 67931.47,
          "quantity": 0.00155,
          "timestamp": "2024-06-03 00:04:59"
        }
      ]
    ],
    "liquidations": [],
    "receive_time": 1717369499.345,
    "_doc": "e81a45cf-af97-410a-a8e3-bc56c3f833a2"
  },
  {
    "trades": [
      [
        {
          "side": "sell",
          "price": 67981.79,
          "quantity": 0.00204,
          "timestamp": "2024-06-03 00:04:59"
        }
      ]
    ],
    "liquidations": [],
    "receive_time": 1717369499.03,
    "_doc": "4165ad09-578a-4850-bd05-95a51dbe2ca9"
  },
  {
    "trades": [
      [
        {
          "side": "sell",
          "price": 67981.79,
          "quantity": 0.003359,
          "timestamp": "2024-06-03 00:04:58"
        }
      ]
    ],
    "liquidations": [],
    "receive_time": 1717369498.83,
    "_doc": "6dfef521-70e8-47c5-b14d-a34f6489a6b2"
  },
  {
    "trades": [
      [
        {
          "side": "sell",
          "price": 67981.79,
          "quantity": 0.004249,
          "timestamp": "2024-06-03 00:04:58"
        }
      ]
    ],
    "liquidations": [],
    "receive_time": 1717369498.4,
    "_doc": "c58b0d91-d574-4628-b7ec-f7ac6b388255"
  },
  {
    "trades": [
      [
        {
          "side": "buy",
          "price": 67981.8,
          "quantity": 0.006518,
          "timestamp": "2024-06-03 00:04:58"
        }
      ]
    ],
    "liquidations": [],
    "receive_time": 1717369498.204,
    "_doc": "e0a1b536-7926-41c7-8b4c-0275d37e1b54"
  },
  {
    "trades": [
      [
        {
          "side": "sell",
          "price": 67948.86,
          "quantity": 0.00093,
          "timestamp": "2024-06-03 00:04:57"
        }
      ]
    ],
    "liquidations": [],
    "receive_time": 1717369497.99,
    "_doc": "25524332-1d87-4a3a-b6d9-0afed480661b"
  },
  {
    "trades": [
      [
        {
          "side": "buy",
          "price": 67981.8,
          "quantity": 0.006551,
          "timestamp": "2024-06-03 00:04:57"
        }
      ]
    ],
    "liquidations": [],
    "receive_time": 1717369497.696,
    "_doc": "aa2d465c-aaf1-4c89-a04d-47fee65ffe76"
  },
  {
    "trades": [
      [
        {
          "side": "buy",
          "price": 67981.8,
          "quantity": 0.005212,
          "timestamp": "2024-06-03 00:04:57"
        }
      ]
    ],
    "liquidations": [],
    "receive_time": 1717369497.396,
    "_doc": "59f83b51-1d90-4641-b371-348d7561833d"
  },
  {
    "trades": [
      [
        {
          "side": "sell",
          "price": 67981.79,
          "quantity": 0.008554,
          "timestamp": "2024-06-03 00:04:57"
        }
      ]
    ],
    "liquidations": [],
    "receive_time": 1717369497.093,
    "_doc": "7e821020-5af7-403a-8278-55b840c4dbbd"
  },
  {
    "trades": [
      [
        {
          "side": "buy",
          "price": 67981.8,
          "quantity": 0.003172,
          "timestamp": "2024-06-03 00:04:56"
        }
      ]
    ],
    "liquidations": [],
    "receive_time": 1717369496.639,
    "_doc": "ed971b3b-905c-4aa6-ab5a-6b3135193059"
  },
  {
    "trades": [
      [
        {
          "side": "sell",
          "price": 67981.79,
          "quantity": 0.004922,
          "timestamp": "2024-06-03 00:04:56"
        }
      ]
    ],
    "liquidations": [],
    "receive_time": 1717369496.383,
    "_doc": "83e6dd4e-5f39-4cef-953e-9430e80dfbc6"
  },
  {
    "trades": [
      [
        {
          "side": "buy",
          "price": 67981.8,
          "quantity": 0.009106,
          "timestamp": "2024-06-03 00:04:56"
        }
      ]
    ],
    "liquidations": [],
    "receive_time": 1717369496.279,
    "_doc": "0f72d3d9-9d49-4bab-b258-4da79641bcf0"
  },
  {
    "trades": [
      [
        {
          "side": "buy",
          "price": 67981.8,
          "quantity": 0.004568,
          "timestamp": "2024-06-03 00:04:55"
        }
      ]
    ],
    "liquidations": [],
    "receive_time": 1717369495.878,
    "_doc": "0dd2b0ea-fa2b-4e18-918e-7b45401f284e"
  },
  {
    "trades": [
      [
        {
          "side": "buy",
          "price": 67981.8,
          "quantity": 0.005682,
          "timestamp": "2024-06-03 00:04:55"
        }
      ]
    ],
    "liquidations": [],
    "receive_time": 1717369495.376,
    "_doc": "cdd2385f-6981-4b34-8a28-fc9878e57a3f"
  },
  {
    "trades": [
      [
        {
          "side": "buy",
          "price": 67933.01,
          "quantity": 0.00115,
          "timestamp": "2024-06-03 00:04:55"
        }
      ]
    ],
    "liquidations": [],
    "receive_time": 1717369495.218,
    "_doc": "71d58804-dfda-41dc-9f88-aa4e22c59567"
  },
  {
    "trades": [
      [
        {
          "side": "sell",
          "price": 67981.79,
          "quantity": 0.007871,
          "timestamp": "2024-06-03 00:04:55"
        }
      ]
    ],
    "liquidations": [],
    "receive_time": 1717369495.027,
    "_doc": "13159a6d-e248-4db1-af0d-df812142eea0"
  },
  {
    "trades": [
      [
        {
          "side": "sell",
          "price": 67981.79,
          "quantity": 0.004889,
          "timestamp": "2024-06-03 00:04:54"
        }
      ]
    ],
    "liquidations": [],
    "receive_time": 1717369494.824,
    "_doc": "ce9b6907-f91d-4983-bb4e-553e913699e5"
  },
  {
    "trades": [
      [
        {
          "side": "buy",
          "price": 67981.8,
          "quantity": 0.004094,
          "timestamp": "2024-06-03 00:04:54"
        }
      ]
    ],
    "liquidations": [],
    "receive_time": 1717369494.376,
    "_doc": "b4d244d1-2b86-42d0-a7ad-d6b1d41fa9c0"
  },
  {
    "trades": [
      [
        {
          "side": "sell",
          "price": 67981.79,
          "quantity": 0.004344,
          "timestamp": "2024-06-03 00:04:54"
        }
      ]
    ],
    "liquidations": [],
    "receive_time": 1717369494.272,
    "_doc": "5629012f-e03f-4430-885c-110865f18692"
  },
  {
    "trades": [
      [
        {
          "side": "buy",
          "price": 67981.8,
          "quantity": 0.003936,
          "timestamp": "2024-06-03 00:04:53"
        }
      ]
    ],
    "liquidations": [],
    "receive_time": 1717369493.81,
    "_doc": "40d16c73-5179-4b30-9eca-693b23736f11"
  },
  {
    "trades": [
      [
        {
          "side": "buy",
          "price": 67950.15,
          "quantity": 0.00152,
          "timestamp": "2024-06-03 00:04:53"
        }
      ]
    ],
    "liquidations": [],
    "receive_time": 1717369493.495,
    "_doc": "4433b625-bb6a-4efc-ad67-a94d530a34a8"
  },
  {
    "trades": [
      [
        {
          "side": "sell",
          "price": 67981.79,
          "quantity": 0.002354,
          "timestamp": "2024-06-03 00:04:53"
        }
      ]
    ],
    "liquidations": [],
    "receive_time": 1717369493.404,
    "_doc": "198c00ee-ca15-434e-963d-c6d642161d2a"
  },
  {
    "trades": [
      [
        {
          "side": "buy",
          "price": 67981.8,
          "quantity": 0.002282,
          "timestamp": "2024-06-03 00:04:52"
        }
      ]
    ],
    "liquidations": [],
    "receive_time": 1717369492.947,
    "_doc": "392f9d13-a3e6-4514-8684-5ed490286dc3"
  },
  {
    "trades": [
      [
        {
          "side": "sell",
          "price": 67981.79,
          "quantity": 0.00195,
          "timestamp": "2024-06-03 00:04:52"
        }
      ]
    ],
    "liquidations": [],
    "receive_time": 1717369492.744,
    "_doc": "ab68f769-c6c4-4ed7-bc94-fdfb2d2ac6a0"
  },
  {
    "trades": [
      [
        {
          "side": "buy",
          "price": 67981.8,
          "quantity": 0.000946,
          "timestamp": "2024-06-03 00:04:52"
        }
      ]
    ],
    "liquidations": [],
    "receive_time": 1717369492.593,
    "_doc": "e13ff42a-ed79-4a6b-ac75-fba6d692c6e2"
  },
  {
    "trades": [
      [
        {
          "side": "sell",
          "price": 67981.6,
          "quantity": 0.00302,
          "timestamp": "2024-06-03 00:04:52"
        }
      ]
    ],
    "liquidations": [],
    "receive_time": 1717369492.394,
    "_doc": "77dc7fa8-52b7-4579-9c42-35e3d5564c1d"
  },
  {
    "trades": [
      [
        {
          "side": "sell",
          "price": 67981.8,
          "quantity": 0.147132,
          "timestamp": "2024-06-03 00:04:52"
        }
      ],
      [
        {
          "side": "sell",
          "price": 67981.8,
          "quantity": 0.002347,
          "timestamp": "2024-06-03 00:04:52"
        }
      ],
      [
        {
          "side": "sell",
          "price": 67981.8,
          "quantity": 0.000844,
          "timestamp": "2024-06-03 00:04:52"
        }
      ],
      [
        {
          "side": "sell",
          "price": 67981.8,
          "quantity": 0.005184,
          "timestamp": "2024-06-03 00:04:52"
        }
      ],
      [
        {
          "side": "sell",
          "price": 67981.8,
          "quantity": 0.00308,
          "timestamp": "2024-06-03 00:04:52"
        }
      ],
      [
        {
          "side": "sell",
          "price": 67981.8,
          "quantity": 0.002246,
          "timestamp": "2024-06-03 00:04:52"
        }
      ],
      [
        {
          "side": "sell",
          "price": 67981.8,
          "quantity": 0.023424,
          "timestamp": "2024-06-03 00:04:52"
        }
      ],
      [
        {
          "side": "sell",
          "price": 67981.8,
          "quantity": 0.018738,
          "timestamp": "2024-06-03 00:04:52"
        }
      ],
      [
        {
          "side": "sell",
          "price": 67981.8,
          "quantity": 0.000573,
          "timestamp": "2024-06-03 00:04:52"
        }
      ],
      [
        {
          "side": "sell",
          "price": 67981.8,
          "quantity": 0.00561,
          "timestamp": "2024-06-03 00:04:52"
        }
      ],
      [
        {
          "side": "sell",
          "price": 67981.8,
          "quantity": 0.001176,
          "timestamp": "2024-06-03 00:04:52"
        }
      ],
      [
        {
          "side": "sell",
          "price": 67981.8,
          "quantity": 0.003333,
          "timestamp": "2024-06-03 00:04:52"
        }
      ],
      [
        {
          "side": "sell",
          "price": 67981.8,
          "quantity": 0.004659,
          "timestamp": "2024-06-03 00:04:52"
        }
      ],
      [
        {
          "side": "sell",
          "price": 67981.8,
          "quantity": 0.003059,
          "timestamp": "2024-06-03 00:04:52"
        }
      ],
      [
        {
          "side": "sell",
          "price": 67981.8,
          "quantity": 0.045115,
          "timestamp": "2024-06-03 00:04:52"
        }
      ],
      [
        {
          "side": "sell",
          "price": 67981.8,
          "quantity": 0.001299,
          "timestamp": "2024-06-03 00:04:52"
        }
      ],
      [
        {
          "side": "sell",
          "price": 67981.8,
          "quantity": 0.011096,
          "timestamp": "2024-06-03 00:04:52"
        }
      ],
      [
        {
          "side": "sell",
          "price": 67981.8,
          "quantity": 0.039386,
          "timestamp": "2024-06-03 00:04:52"
        }
      ]
    ],
    "liquidations": [],
    "receive_time": 1717369492.247,
    "_doc": "1f211480-b056-4cb4-9965-09eb3f365635"
  },
  {
    "trades": [
      [
        {
          "side": "buy",
          "price": 67981.81,
          "quantity": 0.001028,
          "timestamp": "2024-06-03 00:04:52"
        }
      ]
    ],
    "liquidations": [],
    "receive_time": 1717369492.129,
    "_doc": "e0cc6bf3-1d49-47fe-b174-15caf67e811a"
  },
  {
    "trades": [
      [
        {
          "side": "sell",
          "price": 67981.8,
          "quantity": 0.001352,
          "timestamp": "2024-06-03 00:04:51"
        }
      ]
    ],
    "liquidations": [],
    "receive_time": 1717369491.926,
    "_doc": "bedfb052-a208-460a-90ff-d6fbffce8a5f"
  },
  {
    "trades": [
      [
        {
          "side": "sell",
          "price": 67981.8,
          "quantity": 0.001918,
          "timestamp": "2024-06-03 00:04:51"
        }
      ]
    ],
    "liquidations": [],
    "receive_time": 1717369491.774,
    "_doc": "349193c7-3f0f-4763-9cd8-11bebde2156c"
  },
  {
    "trades": [
      [
        {
          "side": "buy",
          "price": 67948.95,
          "quantity": 0.00129,
          "timestamp": "2024-06-03 00:04:51"
        }
      ]
    ],
    "liquidations": [],
    "receive_time": 1717369491.489,
    "_doc": "f6e79900-ba43-4d72-a452-f5213f456a7f"
  },
  {
    "trades": [
      [
        {
          "side": "sell",
          "price": 67981.8,
          "quantity": 0.008305,
          "timestamp": "2024-06-03 00:04:51"
        }
      ]
    ],
    "liquidations": [],
    "receive_time": 1717369491.434,
    "_doc": "9c561186-9d3f-4324-9b09-f8b436752a4b"
  },
  {
    "trades": [
      [
        {
          "side": "sell",
          "price": 67981.8,
          "quantity": 0.005235,
          "timestamp": "2024-06-03 00:04:51"
        }
      ]
    ],
    "liquidations": [],
    "receive_time": 1717369491.075,
    "_doc": "e833ab08-f3da-460c-a4dd-9f90391d4338"
  },
  {
    "trades": [
      [
        {
          "side": "buy",
          "price": 67981.81,
          "quantity": 0.005592,
          "timestamp": "2024-06-03 00:04:50"
        }
      ]
    ],
    "liquidations": [],
    "receive_time": 1717369490.624,
    "_doc": "a4a219c6-1c67-4b71-a783-0e1c44a18144"
  },
  {
    "trades": [
      [
        {
          "side": "buy",
          "price": 67981.81,
          "quantity": 0.001824,
          "timestamp": "2024-06-03 00:04:50"
        }
      ]
    ],
    "liquidations": [],
    "receive_time": 1717369490.366,
    "_doc": "1f8d84f4-e569-4ac5-b38c-7be98101be26"
  },
  {
    "trades": [
      [
        {
          "side": "buy",
          "price": 67981.81,
          "quantity": 0.003771,
          "timestamp": "2024-06-03 00:04:50"
        }
      ]
    ],
    "liquidations": [],
    "receive_time": 1717369490.264,
    "_doc": "5a3f9c41-7b24-4d20-98ee-c590e910b120"
  },
  {
    "trades": [
      [
        {
          "side": "buy",
          "price": 67981.81,
          "quantity": 0.002713,
          "timestamp": "2024-06-03 00:04:49"
        }
      ]
    ],
    "liquidations": [],
    "receive_time": 1717369489.865,
    "_doc": "7e880203-1ebc-407d-b7b0-57795b0baf90"
  },
  {
    "trades": [
      [
        {
          "side": "buy",
          "price": 67981.81,
          "quantity": 0.002375,
          "timestamp": "2024-06-03 00:04:49"
        }
      ]
    ],
    "liquidations": [],
    "receive_time": 1717369489.362,
    "_doc": "a4eb7d2f-402e-4f62-990b-5437ef520d6d"
  },
  {
    "trades": [
      [
        {
          "side": "sell",
          "price": 67981.8,
          "quantity": 0.001488,
          "timestamp": "2024-06-03 00:04:49"
        }
      ]
    ],
    "liquidations": [],
    "receive_time": 1717369489.21,
    "_doc": "a9eb1f35-dc26-4b43-bd07-14389d901469"
  },
  {
    "trades": [
      [
        {
          "side": "sell",
          "price": 67947.98,
          "quantity": 0.00094,
          "timestamp": "2024-06-03 00:04:49"
        }
      ]
    ],
    "liquidations": [],
    "receive_time": 1717369489.022,
    "_doc": "e5d83c49-4430-4d75-b534-13ee6164bb3d"
  },
  {
    "trades": [
      [
        {
          "side": "buy",
          "price": 67981.81,
          "quantity": 0.001932,
          "timestamp": "2024-06-03 00:04:48"
        }
      ]
    ],
    "liquidations": [],
    "receive_time": 1717369488.764,
    "_doc": "43d663cb-16a0-4dfa-b389-d63a1050e58d"
  },
  {
    "trades": [
      [
        {
          "side": "buy",
          "price": 67981.81,
          "quantity": 0.008188,
          "timestamp": "2024-06-03 00:04:48"
        }
      ]
    ],
    "liquidations": [],
    "receive_time": 1717369488.396,
    "_doc": "9437522c-7675-4d92-961b-ffa27141cd2b"
  },
  {
    "trades": [
      [
        {
          "side": "sell",
          "price": 67981.8,
          "quantity": 0.009729,
          "timestamp": "2024-06-03 00:04:47"
        }
      ]
    ],
    "liquidations": [],
    "receive_time": 1717369487.896,
    "_doc": "3988c946-6e0b-4138-817b-87c600e2d613"
  },
  {
    "trades": [
      [
        {
          "side": "sell",
          "price": 67957.58,
          "quantity": 0.00089,
          "timestamp": "2024-06-03 00:04:47"
        }
      ]
    ],
    "liquidations": [],
    "receive_time": 1717369487.666,
    "_doc": "e7cb3894-937e-4f0b-9976-b435a6f9e911"
  },
  {
    "trades": [
      [
        {
          "side": "buy",
          "price": 67981.81,
          "quantity": 0.005515,
          "timestamp": "2024-06-03 00:04:47"
        }
      ]
    ],
    "liquidations": [],
    "receive_time": 1717369487.631,
    "_doc": "1d2bd14c-fb2e-4e2d-b12c-8ff435747327"
  },
  {
    "trades": [
      [
        {
          "side": "sell",
          "price": 67981.8,
          "quantity": 0.005615,
          "timestamp": "2024-06-03 00:04:47"
        }
      ]
    ],
    "liquidations": [],
    "receive_time": 1717369487.369,
    "_doc": "ef5ca6da-c8a6-482d-8b56-5dc12c159614"
  },
  {
    "trades": [
      [
        {
          "side": "buy",
          "price": 67981.81,
          "quantity": 0.002857,
          "timestamp": "2024-06-03 00:04:47"
        }
      ]
    ],
    "liquidations": [],
    "receive_time": 1717369487.025,
    "_doc": "9bde12da-e3e8-4124-b6b0-99ff68627e84"
  },
  {
    "trades": [
      [
        {
          "side": "sell",
          "price": 67981.8,
          "quantity": 0.006163,
          "timestamp": "2024-06-03 00:04:46"
        }
      ]
    ],
    "liquidations": [],
    "receive_time": 1717369486.813,
    "_doc": "3be83082-8792-4beb-bb23-e6da6e0ae7fe"
  },
  {
    "trades": [
      [
        {
          "side": "buy",
          "price": 67981.81,
          "quantity": 0.002301,
          "timestamp": "2024-06-03 00:04:46"
        }
      ]
    ],
    "liquidations": [],
    "receive_time": 1717369486.66,
    "_doc": "00058750-ef2a-4cc4-8c01-e242764cb253"
  },
  {
    "trades": [
      [
        {
          "side": "buy",
          "price": 67981.81,
          "quantity": 0.002623,
          "timestamp": "2024-06-03 00:04:46"
        }
      ]
    ],
    "liquidations": [],
    "receive_time": 1717369486.36,
    "_doc": "db39e3ef-943a-45cf-9060-015191745d9a"
  },
  {
    "trades": [
      [
        {
          "side": "buy",
          "price": 67981.81,
          "quantity": 0.002929,
          "timestamp": "2024-06-03 00:04:46"
        }
      ]
    ],
    "liquidations": [],
    "receive_time": 1717369486.111,
    "_doc": "03cdc2ae-1f85-4c95-a923-eccd28995f77"
  },
  {
    "trades": [
      [
        {
          "side": "buy",
          "price": 67981.81,
          "quantity": 0.00159,
          "timestamp": "2024-06-03 00:04:45"
        }
      ]
    ],
    "liquidations": [],
    "receive_time": 1717369485.842,
    "_doc": "e244aee3-f670-4304-aa15-91dd58e0acab"
  },
  {
    "trades": [
      [
        {
          "side": "sell",
          "price": 67981.8,
          "quantity": 0.004824,
          "timestamp": "2024-06-03 00:04:45"
        }
      ]
    ],
    "liquidations": [],
    "receive_time": 1717369485.416,
    "_doc": "56ffd367-f847-4ea1-9dd7-562237d5378c"
  },
  {
    "trades": [
      [
        {
          "side": "buy",
          "price": 67981.81,
          "quantity": 0.01,
          "timestamp": "2024-06-03 00:04:45"
        }
      ]
    ],
    "liquidations": [],
    "receive_time": 1717369485.047,
    "_doc": "d8a9f700-ba87-45ea-abbb-466756204c60"
  },
  {
    "trades": [
      [
        {
          "side": "buy",
          "price": 67981.81,
          "quantity": 0.005826,
          "timestamp": "2024-06-03 00:04:44"
        }
      ]
    ],
    "liquidations": [],
    "receive_time": 1717369484.847,
    "_doc": "f092b20e-be18-4f79-b2a3-a8634c2c6931"
  },
  {
    "trades": [
      [
        {
          "side": "sell",
          "price": 67955.25,
          "quantity": 0.00091,
          "timestamp": "2024-06-03 00:04:44"
        }
      ]
    ],
    "liquidations": [],
    "receive_time": 1717369484.765,
    "_doc": "2882c3b9-b5a4-43a4-8c2b-08831da3fcf2"
  },
  {
    "trades": [
      [
        {
          "side": "sell",
          "price": 67981.8,
          "quantity": 0.004269,
          "timestamp": "2024-06-03 00:04:44"
        }
      ]
    ],
    "liquidations": [],
    "receive_time": 1717369484.406,
    "_doc": "2e0cd445-57e5-4535-a95d-abb10f9892f3"
  },
  {
    "trades": [
      [
        {
          "side": "buy",
          "price": 67981.81,
          "quantity": 0.007584,
          "timestamp": "2024-06-03 00:04:43"
        }
      ]
    ],
    "liquidations": [],
    "receive_time": 1717369483.872,
    "_doc": "99385e97-998a-4a29-aa0a-208d2c1ba291"
  },
  {
    "trades": [
      [
        {
          "side": "sell",
          "price": 67981.8,
          "quantity": 0.006003,
          "timestamp": "2024-06-03 00:04:43"
        }
      ]
    ],
    "liquidations": [],
    "receive_time": 1717369483.619,
    "_doc": "4dcc6f69-74e8-4306-9e4e-a95b2ae9c959"
  },
  {
    "trades": [
      [
        {
          "side": "buy",
          "price": 67981.81,
          "quantity": 0.002365,
          "timestamp": "2024-06-03 00:04:43"
        }
      ]
    ],
    "liquidations": [],
    "receive_time": 1717369483.404,
    "_doc": "dc962c9b-d57c-4bdc-ac72-ebb7affcdd71"
  },
  {
    "trades": [
      [
        {
          "side": "sell",
          "price": 67945.97,
          "quantity": 0.00146,
          "timestamp": "2024-06-03 00:04:43"
        }
      ]
    ],
    "liquidations": [],
    "receive_time": 1717369483.362,
    "_doc": "d785b7a8-3624-4ff5-b77b-2969c475a98f"
  },
  {
    "trades": [
      [
        {
          "side": "buy",
          "price": 67981.81,
          "quantity": 0.002387,
          "timestamp": "2024-06-03 00:04:43"
        }
      ]
    ],
    "liquidations": [],
    "receive_time": 1717369483.151,
    "_doc": "a5c8a439-e990-4e55-b2b4-3b63b0593505"
  },
  {
    "trades": [
      [
        {
          "side": "buy",
          "price": 67981.81,
          "quantity": 0.00442,
          "timestamp": "2024-06-03 00:04:42"
        }
      ]
    ],
    "liquidations": [],
    "receive_time": 1717369482.753,
    "_doc": "5f9eb204-1620-4dde-8fea-a725c78ae456"
  },
  {
    "trades": [
      [
        {
          "side": "sell",
          "price": 67981.8,
          "quantity": 9.9e-05,
          "timestamp": "2024-06-03 00:04:42"
        }
      ]
    ],
    "liquidations": [],
    "receive_time": 1717369482.462,
    "_doc": "80d312a7-d3cd-4506-bbe0-9c807340389d"
  },
  {
    "trades": [
      [
        {
          "side": "sell",
          "price": 67981.8,
          "quantity": 0.000241,
          "timestamp": "2024-06-03 00:04:42"
        }
      ],
      [
        {
          "side": "sell",
          "price": 67981.8,
          "quantity": 0.002891,
          "timestamp": "2024-06-03 00:04:42"
        }
      ]
    ],
    "liquidations": [],
    "receive_time": 1717369482.412,
    "_doc": "5d52684c-9d38-49be-a041-9faf0ec34e8a"
  },
  {
    "trades": [
      [
        {
          "side": "sell",
          "price": 67981.8,
          "quantity": 0.000399,
          "timestamp": "2024-06-03 00:04:42"
        }
      ]
    ],
    "liquidations": [],
    "receive_time": 1717369482.243,
    "_doc": "858fd449-5865-44e5-a596-4d5e3ead90ad"
  },
  {
    "trades": [
      [
        {
          "side": "sell",
          "price": 67981.8,
          "quantity": 0.002427,
          "timestamp": "2024-06-03 00:04:42"
        }
      ]
    ],
    "liquidations": [],
    "receive_time": 1717369482.145,
    "_doc": "2a089453-2146-4125-88d1-e80f56636c36"
  },
  {
    "trades": [
      [
        {
          "side": "buy",
          "price": 67981.81,
          "quantity": 0.003024,
          "timestamp": "2024-06-03 00:04:41"
        }
      ]
    ],
    "liquidations": [],
    "receive_time": 1717369481.673,
    "_doc": "716cac86-7dcb-4b65-bb3c-7e9eb5b4d63a"
  },
  {
    "trades": [
      [
        {
          "side": "sell",
          "price": 67981.8,
          "quantity": 0.002759,
          "timestamp": "2024-06-03 00:04:41"
        }
      ]
    ],
    "liquidations": [],
    "receive_time": 1717369481.372,
    "_doc": "ce0a06fe-e892-45f2-bc01-7df523e2c596"
  },
  {
    "trades": [
      [
        {
          "side": "sell",
          "price": 67955.63,
          "quantity": 0.00105,
          "timestamp": "2024-06-03 00:04:41"
        }
      ]
    ],
    "liquidations": [],
    "receive_time": 1717369481.115,
    "_doc": "69b89cf4-ff2a-47ae-857c-c47ab2002984"
  },
  {
    "trades": [
      [
        {
          "side": "sell",
          "price": 67981.8,
          "quantity": 0.00446,
          "timestamp": "2024-06-03 00:04:40"
        }
      ]
    ],
    "liquidations": [],
    "receive_time": 1717369480.378,
    "_doc": "aa7f517c-4934-4ead-b8c5-ad54ca019079"
  },
  {
    "trades": [
      [
        {
          "side": "sell",
          "price": 67981.8,
          "quantity": 0.004958,
          "timestamp": "2024-06-03 00:04:41"
        }
      ]
    ],
    "liquidations": [],
    "receive_time": 1717369481.067,
    "_doc": "a3716e85-e608-420e-bbf2-3db14cc92d7e"
  },
  {
    "trades": [
      [
        {
          "side": "sell",
          "price": 67981.8,
          "quantity": 0.004616,
          "timestamp": "2024-06-03 00:04:40"
        }
      ]
    ],
    "liquidations": [],
    "receive_time": 1717369480.815,
    "_doc": "80524e24-829f-4c27-a8cb-30c8fcf2091a"
  },
  {
    "trades": [
      [
        {
          "side": "buy",
          "price": 67949.48,
          "quantity": 0.00085,
          "timestamp": "2024-06-03 00:04:39"
        }
      ],
      [
        {
          "side": "sell",
          "price": 67958.03,
          "quantity": 0.00176,
          "timestamp": "2024-06-03 00:04:39"
        }
      ],
      [
        {
          "side": "buy",
          "price": 67949.81,
          "quantity": 0.00122,
          "timestamp": "2024-06-03 00:04:39"
        }
      ],
      [
        {
          "side": "buy",
          "price": 67931.02,
          "quantity": 0.00118,
          "timestamp": "2024-06-03 00:04:39"
        }
      ],
      [
        {
          "side": "buy",
          "price": 67935.47,
          "quantity": 0.00183,
          "timestamp": "2024-06-03 00:04:39"
        }
      ],
      [
        {
          "side": "sell",
          "price": 67954.82,
          "quantity": 0.00147,
          "timestamp": "2024-06-03 00:04:39"
        }
      ],
      [
        {
          "side": "sell",
          "price": 67941.01,
          "quantity": 0.00062,
          "timestamp": "2024-06-03 00:04:39"
        }
      ],
      [
        {
          "side": "sell",
          "price": 67955.53,
          "quantity": 0.00078,
          "timestamp": "2024-06-03 00:04:39"
        }
      ],
      [
        {
          "side": "buy",
          "price": 67932.76,
          "quantity": 0.00153,
          "timestamp": "2024-06-03 00:04:39"
        }
      ],
      [
        {
          "side": "sell",
          "price": 67950.92,
          "quantity": 0.00145,
          "timestamp": "2024-06-03 00:04:39"
        }
      ],
      [
        {
          "side": "buy",
          "price": 67951.39,
          "quantity": 0.00223,
          "timestamp": "2024-06-03 00:04:39"
        }
      ],
      [
        {
          "side": "sell",
          "price": 67951.85,
          "quantity": 0.00068,
          "timestamp": "2024-06-03 00:04:39"
        }
      ],
      [
        {
          "side": "sell",
          "price": 67937.69,
          "quantity": 0.00081,
          "timestamp": "2024-06-03 00:04:39"
        }
      ],
      [
        {
          "side": "sell",
          "price": 67944.6,
          "quantity": 0.00191,
          "timestamp": "2024-06-03 00:04:39"
        }
      ],
      [
        {
          "side": "buy",
          "price": 67948.32,
          "quantity": 0.00239,
          "timestamp": "2024-06-03 00:04:39"
        }
      ],
      [
        {
          "side": "buy",
          "price": 67950.56,
          "quantity": 0.00132,
          "timestamp": "2024-06-03 00:04:39"
        }
      ],
      [
        {
          "side": "buy",
          "price": 67938.02,
          "quantity": 0.00238,
          "timestamp": "2024-06-03 00:04:39"
        }
      ],
      [
        {
          "side": "buy",
          "price": 67943.17,
          "quantity": 0.00218,
          "timestamp": "2024-06-03 00:04:39"
        }
      ],
      [
        {
          "side": "buy",
          "price": 67939.81,
          "quantity": 0.00212,
          "timestamp": "2024-06-03 00:04:39"
        }
      ],
      [
        {
          "side": "sell",
          "price": 67958.75,
          "quantity": 0.00095,
          "timestamp": "2024-06-03 00:04:39"
        }
      ],
      [
        {
          "side": "sell",
          "price": 67938.35,
          "quantity": 0.00217,
          "timestamp": "2024-06-03 00:04:39"
        }
      ],
      [
        {
          "side": "buy",
          "price": 67934.24,
          "quantity": 0.00216,
          "timestamp": "2024-06-03 00:04:39"
        }
      ],
      [
        {
          "side": "sell",
          "price": 67941.77,
          "quantity": 0.00086,
          "timestamp": "2024-06-03 00:04:39"
        }
      ],
      [
        {
          "side": "sell",
          "price": 67949.05,
          "quantity": 0.00222,
          "timestamp": "2024-06-03 00:04:39"
        }
      ],
      [
        {
          "side": "sell",
          "price": 67954.03,
          "quantity": 0.00107,
          "timestamp": "2024-06-03 00:04:39"
        }
      ],
      [
        {
          "side": "buy",
          "price": 67940.18,
          "quantity": 0.00141,
          "timestamp": "2024-06-03 00:04:39"
        }
      ],
      [
        {
          "side": "buy",
          "price": 67942.01,
          "quantity": 0.00201,
          "timestamp": "2024-06-03 00:04:39"
        }
      ],
      [
        {
          "side": "sell",
          "price": 67948.31,
          "quantity": 0.00175,
          "timestamp": "2024-06-03 00:04:39"
        }
      ],
      [
        {
          "side": "sell",
          "price": 67953.58,
          "quantity": 0.00076,
          "timestamp": "2024-06-03 00:04:39"
        }
      ],
      [
        {
          "side": "buy",
          "price": 67947.69,
          "quantity": 0.00109,
          "timestamp": "2024-06-03 00:04:39"
        }
      ],
      [
        {
          "side": "sell",
          "price": 67937.23,
          "quantity": 0.00144,
          "timestamp": "2024-06-03 00:04:39"
        }
      ],
      [
        {
          "side": "buy",
          "price": 67952.83,
          "quantity": 0.00063,
          "timestamp": "2024-06-03 00:04:39"
        }
      ],
      [
        {
          "side": "buy",
          "price": 67935.13,
          "quantity": 0.00142,
          "timestamp": "2024-06-03 00:04:39"
        }
      ],
      [
        {
          "side": "sell",
          "price": 67949.52,
          "quantity": 0.00203,
          "timestamp": "2024-06-03 00:04:39"
        }
      ],
      [
        {
          "side": "sell",
          "price": 67944.88,
          "quantity": 0.00127,
          "timestamp": "2024-06-03 00:04:39"
        }
      ],
      [
        {
          "side": "sell",
          "price": 67933.04,
          "quantity": 0.00177,
          "timestamp": "2024-06-03 00:04:39"
        }
      ],
      [
        {
          "side": "buy",
          "price": 67959.17,
          "quantity": 0.00225,
          "timestamp": "2024-06-03 00:04:39"
        }
      ],
      [
        {
          "side": "sell",
          "price": 67950.19,
          "quantity": 0.00086,
          "timestamp": "2024-06-03 00:04:39"
        }
      ],
      [
        {
          "side": "sell",
          "price": 67959.06,
          "quantity": 0.00155,
          "timestamp": "2024-06-03 00:04:39"
        }
      ],
      [
        {
          "side": "sell",
          "price": 67940.94,
          "quantity": 0.00269,
          "timestamp": "2024-06-03 00:04:39"
        }
      ],
      [
        {
          "side": "buy",
          "price": 67943.45,
          "quantity": 0.00145,
          "timestamp": "2024-06-03 00:04:39"
        }
      ],
      [
        {
          "side": "buy",
          "price": 67945.92,
          "quantity": 0.00236,
          "timestamp": "2024-06-03 00:04:39"
        }
      ],
      [
        {
          "side": "sell",
          "price": 67933.59,
          "quantity": 0.00267,
          "timestamp": "2024-06-03 00:04:39"
        }
      ],
      [
        {
          "side": "buy",
          "price": 67956.15,
          "quantity": 0.00252,
          "timestamp": "2024-06-03 00:04:39"
        }
      ],
      [
        {
          "side": "buy",
          "price": 67950.46,
          "quantity": 0.00172,
          "timestamp": "2024-06-03 00:04:39"
        }
      ],
      [
        {
          "side": "sell",
          "price": 67934.66,
          "quantity": 0.00267,
          "timestamp": "2024-06-03 00:04:39"
        }
      ],
      [
        {
          "side": "buy",
          "price": 67938.24,
          "quantity": 0.00164,
          "timestamp": "2024-06-03 00:04:39"
        }
      ],
      [
        {
          "side": "buy",
          "price": 67929.33,
          "quantity": 0.00267,
          "timestamp": "2024-06-03 00:04:39"
        }
      ],
      [
        {
          "side": "sell",
          "price": 67934.46,
          "quantity": 0.00169,
          "timestamp": "2024-06-03 00:04:39"
        }
      ],
      [
        {
          "side": "sell",
          "price": 67928.3,
          "quantity": 0.00096,
          "timestamp": "2024-06-03 00:04:39"
        }
      ],
      [
        {
          "side": "buy",
          "price": 67933.63,
          "quantity": 0.00181,
          "timestamp": "2024-06-03 00:04:39"
        }
      ],
      [
        {
          "side": "sell",
          "price": 67933.8,
          "quantity": 0.00074,
          "timestamp": "2024-06-03 00:04:39"
        }
      ],
      [
        {
          "side": "sell",
          "price": 67933.63,
          "quantity": 0.00183,
          "timestamp": "2024-06-03 00:04:39"
        }
      ],
      [
        {
          "side": "sell",
          "price": 67932.81,
          "quantity": 0.00138,
          "timestamp": "2024-06-03 00:04:39"
        }
      ],
      [
        {
          "side": "buy",
          "price": 67946.43,
          "quantity": 0.0019,
          "timestamp": "2024-06-03 00:04:39"
        }
      ],
      [
        {
          "side": "sell",
          "price": 67934.9,
          "quantity": 0.00188,
          "timestamp": "2024-06-03 00:04:39"
        }
      ],
      [
        {
          "side": "sell",
          "price": 67949.26,
          "quantity": 0.00109,
          "timestamp": "2024-06-03 00:04:39"
        }
      ],
      [
        {
          "side": "sell",
          "price": 67938.45,
          "quantity": 0.00122,
          "timestamp": "2024-06-03 00:04:39"
        }
      ],
      [
        {
          "side": "buy",
          "price": 67942.52,
          "quantity": 0.0024,
          "timestamp": "2024-06-03 00:04:39"
        }
      ],
      [
        {
          "side": "buy",
          "price": 67937.76,
          "quantity": 0.00196,
          "timestamp": "2024-06-03 00:04:39"
        }
      ],
      [
        {
          "side": "sell",
          "price": 67927.93,
          "quantity": 0.00187,
          "timestamp": "2024-06-03 00:04:39"
        }
      ],
      [
        {
          "side": "sell",
          "price": 67949.58,
          "quantity": 0.00103,
          "timestamp": "2024-06-03 00:04:39"
        }
      ],
      [
        {
          "side": "sell",
          "price": 67932.43,
          "quantity": 0.00265,
          "timestamp": "2024-06-03 00:04:39"
        }
      ],
      [
        {
          "side": "sell",
          "price": 67938.59,
          "quantity": 0.00193,
          "timestamp": "2024-06-03 00:04:39"
        }
      ],
      [
        {
          "side": "buy",
          "price": 67956.75,
          "quantity": 0.00126,
          "timestamp": "2024-06-03 00:04:39"
        }
      ],
      [
        {
          "side": "sell",
          "price": 67952.46,
          "quantity": 0.00134,
          "timestamp": "2024-06-03 00:04:39"
        }
      ],
      [
        {
          "side": "buy",
          "price": 67933.08,
          "quantity": 0.00238,
          "timestamp": "2024-06-03 00:04:39"
        }
      ],
      [
        {
          "side": "buy",
          "price": 67949.52,
          "quantity": 0.00089,
          "timestamp": "2024-06-03 00:04:39"
        }
      ],
      [
        {
          "side": "sell",
          "price": 67931.86,
          "quantity": 0.00312,
          "timestamp": "2024-06-03 00:04:39"
        }
      ],
      [
        {
          "side": "buy",
          "price": 67935.96,
          "quantity": 0.00282,
          "timestamp": "2024-06-03 00:04:39"
        }
      ],
      [
        {
          "side": "buy",
          "price": 67955.5,
          "quantity": 0.00082,
          "timestamp": "2024-06-03 00:04:39"
        }
      ],
      [
        {
          "side": "buy",
          "price": 67931.6,
          "quantity": 0.00319,
          "timestamp": "2024-06-03 00:04:39"
        }
      ],
      [
        {
          "side": "sell",
          "price": 67949.1,
          "quantity": 0.00276,
          "timestamp": "2024-06-03 00:04:39"
        }
      ],
      [
        {
          "side": "buy",
          "price": 67956.24,
          "quantity": 0.00215,
          "timestamp": "2024-06-03 00:04:39"
        }
      ],
      [
        {
          "side": "buy",
          "price": 67952.21,
          "quantity": 0.00266,
          "timestamp": "2024-06-03 00:04:39"
        }
      ],
      [
        {
          "side": "buy",
          "price": 67929.42,
          "quantity": 0.0014,
          "timestamp": "2024-06-03 00:04:39"
        }
      ],
      [
        {
          "side": "buy",
          "price": 67959.09,
          "quantity": 0.0015,
          "timestamp": "2024-06-03 00:04:39"
        }
      ],
      [
        {
          "side": "sell",
          "price": 67962.98,
          "quantity": 0.00275,
          "timestamp": "2024-06-03 00:04:39"
        }
      ],
      [
        {
          "side": "sell",
          "price": 67932.85,
          "quantity": 0.00215,
          "timestamp": "2024-06-03 00:04:39"
        }
      ],
      [
        {
          "side": "buy",
          "price": 67921.28,
          "quantity": 0.00188,
          "timestamp": "2024-06-03 00:04:39"
        }
      ],
      [
        {
          "side": "sell",
          "price": 67933.31,
          "quantity": 0.003,
          "timestamp": "2024-06-03 00:04:39"
        }
      ],
      [
        {
          "side": "buy",
          "price": 67935.42,
          "quantity": 0.00287,
          "timestamp": "2024-06-03 00:04:39"
        }
      ],
      [
        {
          "side": "buy",
          "price": 67927.03,
          "quantity": 0.00271,
          "timestamp": "2024-06-03 00:04:39"
        }
      ],
      [
        {
          "side": "sell",
          "price": 67913.47,
          "quantity": 0.00092,
          "timestamp": "2024-06-03 00:04:39"
        }
      ],
      [
        {
          "side": "sell",
          "price": 67917.71,
          "quantity": 0.00089,
          "timestamp": "2024-06-03 00:04:39"
        }
      ],
      [
        {
          "side": "buy",
          "price": 67913.58,
          "quantity": 0.00125,
          "timestamp": "2024-06-03 00:04:39"
        }
      ],
      [
        {
          "side": "sell",
          "price": 67918.12,
          "quantity": 0.00232,
          "timestamp": "2024-06-03 00:04:39"
        }
      ],
      [
        {
          "side": "sell",
          "price": 67916.68,
          "quantity": 0.00172,
          "timestamp": "2024-06-03 00:04:39"
        }
      ],
      [
        {
          "side": "buy",
          "price": 67920.32,
          "quantity": 0.00229,
          "timestamp": "2024-06-03 00:04:39"
        }
      ],
      [
        {
          "side": "buy",
          "price": 67944.32,
          "quantity": 0.00086,
          "timestamp": "2024-06-03 00:04:39"
        }
      ],
      [
        {
          "side": "buy",
          "price": 67916.19,
          "quantity": 0.00192,
          "timestamp": "2024-06-03 00:04:39"
        }
      ],
      [
        {
          "side": "buy",
          "price": 67943.84,
          "quantity": 0.00234,
          "timestamp": "2024-06-03 00:04:39"
        }
      ],
      [
        {
          "side": "sell",
          "price": 67922.67,
          "quantity": 0.00222,
          "timestamp": "2024-06-03 00:04:39"
        }
      ],
      [
        {
          "side": "sell",
          "price": 67932.06,
          "quantity": 0.00265,
          "timestamp": "2024-06-03 00:04:39"
        }
      ],
      [
        {
          "side": "sell",
          "price": 67911.04,
          "quantity": 0.00204,
          "timestamp": "2024-06-03 00:04:39"
        }
      ],
      [
        {
          "side": "sell",
          "price": 67925.08,
          "quantity": 0.00292,
          "timestamp": "2024-06-03 00:04:39"
        }
      ],
      [
        {
          "side": "sell",
          "price": 67943.68,
          "quantity": 0.00231,
          "timestamp": "2024-06-03 00:04:39"
        }
      ],
      [
        {
          "side": "buy",
          "price": 67944.03,
          "quantity": 0.00081,
          "timestamp": "2024-06-03 00:04:39"
        }
      ],
      [
        {
          "side": "sell",
          "price": 67939.74,
          "quantity": 0.0015,
          "timestamp": "2024-06-03 00:04:39"
        }
      ],
      [
        {
          "side": "sell",
          "price": 67938.53,
          "quantity": 0.00077,
          "timestamp": "2024-06-03 00:04:39"
        }
      ],
      [
        {
          "side": "sell",
          "price": 67925.95,
          "quantity": 0.00203,
          "timestamp": "2024-06-03 00:04:39"
        }
      ],
      [
        {
          "side": "sell",
          "price": 67929.69,
          "quantity": 0.00114,
          "timestamp": "2024-06-03 00:04:39"
        }
      ],
      [
        {
          "side": "buy",
          "price": 67916.91,
          "quantity": 0.00127,
          "timestamp": "2024-06-03 00:04:39"
        }
      ],
      [
        {
          "side": "buy",
          "price": 67911.86,
          "quantity": 0.00215,
          "timestamp": "2024-06-03 00:04:39"
        }
      ],
      [
        {
          "side": "sell",
          "price": 67932.5,
          "quantity": 0.0017,
          "timestamp": "2024-06-03 00:04:39"
        }
      ],
      [
        {
          "side": "sell",
          "price": 67930.9,
          "quantity": 0.0015,
          "timestamp": "2024-06-03 00:04:39"
        }
      ],
      [
        {
          "side": "buy",
          "price": 67900.76,
          "quantity": 0.00196,
          "timestamp": "2024-06-03 00:04:39"
        }
      ],
      [
        {
          "side": "sell",
          "price": 67930.71,
          "quantity": 0.00191,
          "timestamp": "2024-06-03 00:04:39"
        }
      ],
      [
        {
          "side": "buy",
          "price": 67929.95,
          "quantity": 0.00071,
          "timestamp": "2024-06-03 00:04:39"
        }
      ],
      [
        {
          "side": "buy",
          "price": 67918.69,
          "quantity": 0.00109,
          "timestamp": "2024-06-03 00:04:39"
        }
      ],
      [
        {
          "side": "buy",
          "price": 67913.88,
          "quantity": 0.00209,
          "timestamp": "2024-06-03 00:04:39"
        }
      ],
      [
        {
          "side": "buy",
          "price": 67912.15,
          "quantity": 0.00104,
          "timestamp": "2024-06-03 00:04:39"
        }
      ],
      [
        {
          "side": "sell",
          "price": 67898.79,
          "quantity": 0.00195,
          "timestamp": "2024-06-03 00:04:39"
        }
      ],
      [
        {
          "side": "buy",
          "price": 67903.17,
          "quantity": 0.00206,
          "timestamp": "2024-06-03 00:04:39"
        }
      ],
      [
        {
          "side": "sell",
          "price": 67926.38,
          "quantity": 0.00185,
          "timestamp": "2024-06-03 00:04:39"
        }
      ],
      [
        {
          "side": "sell",
          "price": 67896.78,
          "quantity": 0.00216,
          "timestamp": "2024-06-03 00:04:39"
        }
      ],
      [
        {
          "side": "buy",
          "price": 67887.82,
          "quantity": 0.00101,
          "timestamp": "2024-06-03 00:04:39"
        }
      ],
      [
        {
          "side": "buy",
          "price": 67900.79,
          "quantity": 0.00202,
          "timestamp": "2024-06-03 00:04:39"
        }
      ],
      [
        {
          "side": "sell",
          "price": 67913.24,
          "quantity": 0.0017,
          "timestamp": "2024-06-03 00:04:39"
        }
      ],
      [
        {
          "side": "buy",
          "price": 67891.3,
          "quantity": 0.00107,
          "timestamp": "2024-06-03 00:04:39"
        }
      ],
      [
        {
          "side": "sell",
          "price": 67893.95,
          "quantity": 0.00199,
          "timestamp": "2024-06-03 00:04:39"
        }
      ],
      [
        {
          "side": "sell",
          "price": 67896.91,
          "quantity": 0.00106,
          "timestamp": "2024-06-03 00:04:39"
        }
      ],
      [
        {
          "side": "buy",
          "price": 67888.77,
          "quantity": 0.00121,
          "timestamp": "2024-06-03 00:04:39"
        }
      ],
      [
        {
          "side": "buy",
          "price": 67883.68,
          "quantity": 0.00093,
          "timestamp": "2024-06-03 00:04:39"
        }
      ],
      [
        {
          "side": "buy",
          "price": 67897.22,
          "quantity": 0.00188,
          "timestamp": "2024-06-03 00:04:39"
        }
      ],
      [
        {
          "side": "sell",
          "price": 67910.73,
          "quantity": 0.00121,
          "timestamp": "2024-06-03 00:04:39"
        }
      ],
      [
        {
          "side": "sell",
          "price": 67910.77,
          "quantity": 0.00153,
          "timestamp": "2024-06-03 00:04:39"
        }
      ],
      [
        {
          "side": "buy",
          "price": 67894.86,
          "quantity": 0.00031,
          "timestamp": "2024-06-03 00:04:39"
        }
      ],
      [
        {
          "side": "buy",
          "price": 67892.92,
          "quantity": 0.00068,
          "timestamp": "2024-06-03 00:04:39"
        }
      ],
      [
        {
          "side": "sell",
          "price": 67896.76,
          "quantity": 0.0009,
          "timestamp": "2024-06-03 00:04:39"
        }
      ],
      [
        {
          "side": "sell",
          "price": 67912.7,
          "quantity": 0.00074,
          "timestamp": "2024-06-03 00:04:39"
        }
      ],
      [
        {
          "side": "buy",
          "price": 67898.88,
          "quantity": 0.00042,
          "timestamp": "2024-06-03 00:04:39"
        }
      ],
      [
        {
          "side": "buy",
          "price": 67896.71,
          "quantity": 0.00024,
          "timestamp": "2024-06-03 00:04:39"
        }
      ],
      [
        {
          "side": "sell",
          "price": 67904.08,
          "quantity": 0.00072,
          "timestamp": "2024-06-03 00:04:39"
        }
      ],
      [
        {
          "side": "sell",
          "price": 67906.03,
          "quantity": 0.00089,
          "timestamp": "2024-06-03 00:04:39"
        }
      ],
      [
        {
          "side": "buy",
          "price": 67881.84,
          "quantity": 0.0007,
          "timestamp": "2024-06-03 00:04:39"
        }
      ],
      [
        {
          "side": "sell",
          "price": 67901.65,
          "quantity": 0.0003,
          "timestamp": "2024-06-03 00:04:39"
        }
      ],
      [
        {
          "side": "sell",
          "price": 67881.79,
          "quantity": 0.00029,
          "timestamp": "2024-06-03 00:04:39"
        }
      ],
      [
        {
          "side": "buy",
          "price": 67895.04,
          "quantity": 0.00056,
          "timestamp": "2024-06-03 00:04:39"
        }
      ],
      [
        {
          "side": "buy",
          "price": 67895.22,
          "quantity": 0.00042,
          "timestamp": "2024-06-03 00:04:39"
        }
      ],
      [
        {
          "side": "buy",
          "price": 67878.33,
          "quantity": 0.00057,
          "timestamp": "2024-06-03 00:04:39"
        }
      ],
      [
        {
          "side": "sell",
          "price": 67888.2,
          "quantity": 0.0004,
          "timestamp": "2024-06-03 00:04:39"
        }
      ],
      [
        {
          "side": "sell",
          "price": 67877.46,
          "quantity": 0.00046,
          "timestamp": "2024-06-03 00:04:39"
        }
      ],
      [
        {
          "side": "sell",
          "price": 67880.44,
          "quantity": 0.00053,
          "timestamp": "2024-06-03 00:04:39"
        }
      ],
      [
        {
          "side": "buy",
          "price": 67886.01,
          "quantity": 0.00043,
          "timestamp": "2024-06-03 00:04:39"
        }
      ],
      [
        {
          "side": "sell",
          "price": 67890.3,
          "quantity": 0.00078,
          "timestamp": "2024-06-03 00:04:39"
        }
      ],
      [
        {
          "side": "sell",
          "price": 67891.25,
          "quantity": 0.00025,
          "timestamp": "2024-06-03 00:04:39"
        }
      ],
      [
        {
          "side": "buy",
          "price": 67904.97,
          "quantity": 0.00049,
          "timestamp": "2024-06-03 00:04:39"
        }
      ],
      [
        {
          "side": "sell",
          "price": 67881.12,
          "quantity": 0.00069,
          "timestamp": "2024-06-03 00:04:39"
        }
      ],
      [
        {
          "side": "sell",
          "price": 67880.0,
          "quantity": 0.00081,
          "timestamp": "2024-06-03 00:04:39"
        }
      ],
      [
        {
          "side": "sell",
          "price": 67883.64,
          "quantity": 0.0008,
          "timestamp": "2024-06-03 00:04:39"
        }
      ],
      [
        {
          "side": "buy",
          "price": 67892.5,
          "quantity": 0.00032,
          "timestamp": "2024-06-03 00:04:39"
        }
      ],
      [
        {
          "side": "sell",
          "price": 67877.83,
          "quantity": 0.00054,
          "timestamp": "2024-06-03 00:04:39"
        }
      ],
      [
        {
          "side": "sell",
          "price": 67880.5,
          "quantity": 0.00049,
          "timestamp": "2024-06-03 00:04:39"
        }
      ],
      [
        {
          "side": "buy",
          "price": 67886.21,
          "quantity": 0.00083,
          "timestamp": "2024-06-03 00:04:39"
        }
      ],
      [
        {
          "side": "buy",
          "price": 67902.79,
          "quantity": 0.00058,
          "timestamp": "2024-06-03 00:04:39"
        }
      ],
      [
        {
          "side": "buy",
          "price": 67900.01,
          "quantity": 0.00037,
          "timestamp": "2024-06-03 00:04:39"
        }
      ],
      [
        {
          "side": "sell",
          "price": 67902.14,
          "quantity": 0.00109,
          "timestamp": "2024-06-03 00:04:39"
        }
      ],
      [
        {
          "side": "sell",
          "price": 67896.17,
          "quantity": 0.00121,
          "timestamp": "2024-06-03 00:04:39"
        }
      ],
      [
        {
          "side": "buy",
          "price": 67883.42,
          "quantity": 0.00086,
          "timestamp": "2024-06-03 00:04:39"
        }
      ],
      [
        {
          "side": "buy",
          "price": 67885.93,
          "quantity": 0.00048,
          "timestamp": "2024-06-03 00:04:39"
        }
      ],
      [
        {
          "side": "sell",
          "price": 67880.84,
          "quantity": 0.00091,
          "timestamp": "2024-06-03 00:04:39"
        }
      ],
      [
        {
          "side": "buy",
          "price": 67869.94,
          "quantity": 0.00102,
          "timestamp": "2024-06-03 00:04:39"
        }
      ],
      [
        {
          "side": "buy",
          "price": 67903.37,
          "quantity": 0.00053,
          "timestamp": "2024-06-03 00:04:39"
        }
      ],
      [
        {
          "side": "sell",
          "price": 67896.03,
          "quantity": 0.00136,
          "timestamp": "2024-06-03 00:04:39"
        }
      ],
      [
        {
          "side": "sell",
          "price": 67899.8,
          "quantity": 0.00122,
          "timestamp": "2024-06-03 00:04:39"
        }
      ],
      [
        {
          "side": "buy",
          "price": 67888.95,
          "quantity": 0.0009,
          "timestamp": "2024-06-03 00:04:39"
        }
      ],
      [
        {
          "side": "sell",
          "price": 67897.11,
          "quantity": 0.00137,
          "timestamp": "2024-06-03 00:04:39"
        }
      ],
      [
        {
          "side": "sell",
          "price": 67889.34,
          "quantity": 0.00059,
          "timestamp": "2024-06-03 00:04:39"
        }
      ],
      [
        {
          "side": "sell",
          "price": 67875.55,
          "quantity": 0.00044,
          "timestamp": "2024-06-03 00:04:39"
        }
      ],
      [
        {
          "side": "sell",
          "price": 67895.12,
          "quantity": 0.00074,
          "timestamp": "2024-06-03 00:04:39"
        }
      ],
      [
        {
          "side": "sell",
          "price": 67890.65,
          "quantity": 0.001,
          "timestamp": "2024-06-03 00:04:39"
        }
      ],
      [
        {
          "side": "sell",
          "price": 67903.43,
          "quantity": 0.001,
          "timestamp": "2024-06-03 00:04:39"
        }
      ],
      [
        {
          "side": "sell",
          "price": 67899.22,
          "quantity": 0.0005,
          "timestamp": "2024-06-03 00:04:39"
        }
      ],
      [
        {
          "side": "buy",
          "price": 67890.67,
          "quantity": 0.00045,
          "timestamp": "2024-06-03 00:04:39"
        }
      ],
      [
        {
          "side": "sell",
          "price": 67880.75,
          "quantity": 0.00135,
          "timestamp": "2024-06-03 00:04:39"
        }
      ],
      [
        {
          "side": "sell",
          "price": 67911.14,
          "quantity": 0.00096,
          "timestamp": "2024-06-03 00:04:39"
        }
      ],
      [
        {
          "side": "buy",
          "price": 67880.62,
          "quantity": 0.00119,
          "timestamp": "2024-06-03 00:04:39"
        }
      ],
      [
        {
          "side": "sell",
          "price": 67904.01,
          "quantity": 0.0008,
          "timestamp": "2024-06-03 00:04:39"
        }
      ],
      [
        {
          "side": "sell",
          "price": 67894.43,
          "quantity": 0.00136,
          "timestamp": "2024-06-03 00:04:39"
        }
      ],
      [
        {
          "side": "sell",
          "price": 67886.19,
          "quantity": 0.00136,
          "timestamp": "2024-06-03 00:04:39"
        }
      ],
      [
        {
          "side": "sell",
          "price": 67904.11,
          "quantity": 0.00067,
          "timestamp": "2024-06-03 00:04:39"
        }
      ],
      [
        {
          "side": "buy",
          "price": 67885.07,
          "quantity": 0.00077,
          "timestamp": "2024-06-03 00:04:39"
        }
      ],
      [
        {
          "side": "sell",
          "price": 67895.53,
          "quantity": 0.00135,
          "timestamp": "2024-06-03 00:04:39"
        }
      ],
      [
        {
          "side": "sell",
          "price": 67902.06,
          "quantity": 0.00056,
          "timestamp": "2024-06-03 00:04:39"
        }
      ],
      [
        {
          "side": "sell",
          "price": 67896.27,
          "quantity": 0.00044,
          "timestamp": "2024-06-03 00:04:39"
        }
      ],
      [
        {
          "side": "sell",
          "price": 67898.69,
          "quantity": 0.00139,
          "timestamp": "2024-06-03 00:04:39"
        }
      ],
      [
        {
          "side": "buy",
          "price": 67900.91,
          "quantity": 0.00134,
          "timestamp": "2024-06-03 00:04:39"
        }
      ],
      [
        {
          "side": "sell",
          "price": 67872.96,
          "quantity": 0.00116,
          "timestamp": "2024-06-03 00:04:39"
        }
      ],
      [
        {
          "side": "buy",
          "price": 67899.73,
          "quantity": 0.00115,
          "timestamp": "2024-06-03 00:04:39"
        }
      ],
      [
        {
          "side": "sell",
          "price": 67870.98,
          "quantity": 0.00067,
          "timestamp": "2024-06-03 00:04:39"
        }
      ],
      [
        {
          "side": "sell",
          "price": 67893.2,
          "quantity": 0.0012,
          "timestamp": "2024-06-03 00:04:39"
        }
      ],
      [
        {
          "side": "sell",
          "price": 67898.46,
          "quantity": 0.00075,
          "timestamp": "2024-06-03 00:04:39"
        }
      ],
      [
        {
          "side": "sell",
          "price": 67901.88,
          "quantity": 0.00094,
          "timestamp": "2024-06-03 00:04:39"
        }
      ],
      [
        {
          "side": "sell",
          "price": 67885.48,
          "quantity": 0.00121,
          "timestamp": "2024-06-03 00:04:39"
        }
      ],
      [
        {
          "side": "sell",
          "price": 67892.98,
          "quantity": 0.00101,
          "timestamp": "2024-06-03 00:04:39"
        }
      ],
      [
        {
          "side": "buy",
          "price": 67869.62,
          "quantity": 0.00085,
          "timestamp": "2024-06-03 00:04:39"
        }
      ],
      [
        {
          "side": "buy",
          "price": 67894.67,
          "quantity": 0.00109,
          "timestamp": "2024-06-03 00:04:39"
        }
      ],
      [
        {
          "side": "buy",
          "price": 67885.62,
          "quantity": 0.00109,
          "timestamp": "2024-06-03 00:04:39"
        }
      ],
      [
        {
          "side": "sell",
          "price": 67899.42,
          "quantity": 0.00076,
          "timestamp": "2024-06-03 00:04:39"
        }
      ],
      [
        {
          "side": "buy",
          "price": 67887.02,
          "quantity": 0.0008,
          "timestamp": "2024-06-03 00:04:39"
        }
      ],
      [
        {
          "side": "sell",
          "price": 67872.08,
          "quantity": 0.00148,
          "timestamp": "2024-06-03 00:04:39"
        }
      ],
      [
        {
          "side": "buy",
          "price": 67868.1,
          "quantity": 0.0004,
          "timestamp": "2024-06-03 00:04:39"
        }
      ],
      [
        {
          "side": "sell",
          "price": 67895.52,
          "quantity": 0.00054,
          "timestamp": "2024-06-03 00:04:39"
        }
      ],
      [
        {
          "side": "sell",
          "price": 67882.29,
          "quantity": 0.00104,
          "timestamp": "2024-06-03 00:04:39"
        }
      ],
      [
        {
          "side": "buy",
          "price": 67883.4,
          "quantity": 0.00057,
          "timestamp": "2024-06-03 00:04:39"
        }
      ],
      [
        {
          "side": "sell",
          "price": 67883.74,
          "quantity": 0.00149,
          "timestamp": "2024-06-03 00:04:39"
        }
      ],
      [
        {
          "side": "buy",
          "price": 67875.38,
          "quantity": 0.00103,
          "timestamp": "2024-06-03 00:04:39"
        }
      ],
      [
        {
          "side": "sell",
          "price": 67859.12,
          "quantity": 0.00119,
          "timestamp": "2024-06-03 00:04:39"
        }
      ],
      [
        {
          "side": "sell",
          "price": 67873.4,
          "quantity": 0.00121,
          "timestamp": "2024-06-03 00:04:39"
        }
      ],
      [
        {
          "side": "sell",
          "price": 67863.84,
          "quantity": 0.00131,
          "timestamp": "2024-06-03 00:04:39"
        }
      ],
      [
        {
          "side": "sell",
          "price": 67863.64,
          "quantity": 0.00068,
          "timestamp": "2024-06-03 00:04:39"
        }
      ],
      [
        {
          "side": "sell",
          "price": 67870.65,
          "quantity": 0.00144,
          "timestamp": "2024-06-03 00:04:39"
        }
      ],
      [
        {
          "side": "sell",
          "price": 67886.98,
          "quantity": 0.00047,
          "timestamp": "2024-06-03 00:04:39"
        }
      ],
      [
        {
          "side": "buy",
          "price": 67887.82,
          "quantity": 0.00077,
          "timestamp": "2024-06-03 00:04:39"
        }
      ],
      [
        {
          "side": "buy",
          "price": 67875.64,
          "quantity": 0.00065,
          "timestamp": "2024-06-03 00:04:39"
        }
      ],
      [
        {
          "side": "buy",
          "price": 67852.15,
          "quantity": 0.00039,
          "timestamp": "2024-06-03 00:04:39"
        }
      ],
      [
        {
          "side": "sell",
          "price": 67870.75,
          "quantity": 0.00059,
          "timestamp": "2024-06-03 00:04:39"
        }
      ],
      [
        {
          "side": "buy",
          "price": 67853.69,
          "quantity": 0.00068,
          "timestamp": "2024-06-03 00:04:39"
        }
      ],
      [
        {
          "side": "buy",
          "price": 67888.82,
          "quantity": 0.00038,
          "timestamp": "2024-06-03 00:04:39"
        }
      ],
      [
        {
          "side": "sell",
          "price": 67859.33,
          "quantity": 0.00076,
          "timestamp": "2024-06-03 00:04:39"
        }
      ],
      [
        {
          "side": "sell",
          "price": 67876.52,
          "quantity": 0.00103,
          "timestamp": "2024-06-03 00:04:39"
        }
      ],
      [
        {
          "side": "buy",
          "price": 67855.9,
          "quantity": 0.00085,
          "timestamp": "2024-06-03 00:04:39"
        }
      ],
      [
        {
          "side": "buy",
          "price": 67864.05,
          "quantity": 0.00101,
          "timestamp": "2024-06-03 00:04:39"
        }
      ],
      [
        {
          "side": "sell",
          "price": 67856.35,
          "quantity": 0.00085,
          "timestamp": "2024-06-03 00:04:39"
        }
      ],
      [
        {
          "side": "buy",
          "price": 67858.58,
          "quantity": 0.00104,
          "timestamp": "2024-06-03 00:04:39"
        }
      ],
      [
        {
          "side": "sell",
          "price": 67871.77,
          "quantity": 0.00066,
          "timestamp": "2024-06-03 00:04:39"
        }
      ],
      [
        {
          "side": "buy",
          "price": 67857.92,
          "quantity": 0.00064,
          "timestamp": "2024-06-03 00:04:39"
        }
      ],
      [
        {
          "side": "sell",
          "price": 67881.58,
          "quantity": 0.00126,
          "timestamp": "2024-06-03 00:04:39"
        }
      ],
      [
        {
          "side": "buy",
          "price": 67862.7,
          "quantity": 0.00094,
          "timestamp": "2024-06-03 00:04:39"
        }
      ],
      [
        {
          "side": "buy",
          "price": 67856.76,
          "quantity": 0.00086,
          "timestamp": "2024-06-03 00:04:39"
        }
      ],
      [
        {
          "side": "buy",
          "price": 67868.33,
          "quantity": 0.00043,
          "timestamp": "2024-06-03 00:04:39"
        }
      ],
      [
        {
          "side": "sell",
          "price": 67857.26,
          "quantity": 0.0012,
          "timestamp": "2024-06-03 00:04:39"
        }
      ],
      [
        {
          "side": "sell",
          "price": 67860.47,
          "quantity": 0.00078,
          "timestamp": "2024-06-03 00:04:39"
        }
      ],
      [
        {
          "side": "sell",
          "price": 67873.03,
          "quantity": 0.00103,
          "timestamp": "2024-06-03 00:04:39"
        }
      ],
      [
        {
          "side": "buy",
          "price": 67875.45,
          "quantity": 0.00042,
          "timestamp": "2024-06-03 00:04:39"
        }
      ],
      [
        {
          "side": "sell",
          "price": 67851.99,
          "quantity": 0.0007,
          "timestamp": "2024-06-03 00:04:39"
        }
      ],
      [
        {
          "side": "buy",
          "price": 67849.1,
          "quantity": 0.00093,
          "timestamp": "2024-06-03 00:04:39"
        }
      ],
      [
        {
          "side": "sell",
          "price": 67871.24,
          "quantity": 0.00033,
          "timestamp": "2024-06-03 00:04:39"
        }
      ],
      [
        {
          "side": "sell",
          "price": 67858.93,
          "quantity": 0.00096,
          "timestamp": "2024-06-03 00:04:39"
        }
      ],
      [
        {
          "side": "sell",
          "price": 67843.3,
          "quantity": 0.00094,
          "timestamp": "2024-06-03 00:04:39"
        }
      ],
      [
        {
          "side": "buy",
          "price": 67866.34,
          "quantity": 0.00095,
          "timestamp": "2024-06-03 00:04:39"
        }
      ],
      [
        {
          "side": "buy",
          "price": 67858.21,
          "quantity": 0.0012,
          "timestamp": "2024-06-03 00:04:39"
        }
      ],
      [
        {
          "side": "buy",
          "price": 67853.7,
          "quantity": 0.00073,
          "timestamp": "2024-06-03 00:04:39"
        }
      ],
      [
        {
          "side": "buy",
          "price": 67865.39,
          "quantity": 0.00159,
          "timestamp": "2024-06-03 00:04:39"
        }
      ],
      [
        {
          "side": "sell",
          "price": 67867.4,
          "quantity": 0.00205,
          "timestamp": "2024-06-03 00:04:39"
        }
      ],
      [
        {
          "side": "buy",
          "price": 67852.3,
          "quantity": 0.00148,
          "timestamp": "2024-06-03 00:04:39"
        }
      ],
      [
        {
          "side": "buy",
          "price": 67840.46,
          "quantity": 0.00084,
          "timestamp": "2024-06-03 00:04:39"
        }
      ],
      [
        {
          "side": "sell",
          "price": 67858.09,
          "quantity": 0.00135,
          "timestamp": "2024-06-03 00:04:39"
        }
      ],
      [
        {
          "side": "buy",
          "price": 67858.18,
          "quantity": 0.00097,
          "timestamp": "2024-06-03 00:04:39"
        }
      ],
      [
        {
          "side": "buy",
          "price": 67861.99,
          "quantity": 0.00137,
          "timestamp": "2024-06-03 00:04:39"
        }
      ],
      [
        {
          "side": "buy",
          "price": 67834.12,
          "quantity": 0.00053,
          "timestamp": "2024-06-03 00:04:39"
        }
      ],
      [
        {
          "side": "sell",
          "price": 67853.02,
          "quantity": 0.00059,
          "timestamp": "2024-06-03 00:04:39"
        }
      ],
      [
        {
          "side": "sell",
          "price": 67868.43,
          "quantity": 0.0006,
          "timestamp": "2024-06-03 00:04:39"
        }
      ],
      [
        {
          "side": "sell",
          "price": 67841.14,
          "quantity": 0.00142,
          "timestamp": "2024-06-03 00:04:39"
        }
      ],
      [
        {
          "side": "sell",
          "price": 67847.65,
          "quantity": 0.00121,
          "timestamp": "2024-06-03 00:04:39"
        }
      ],
      [
        {
          "side": "sell",
          "price": 67850.78,
          "quantity": 0.00085,
          "timestamp": "2024-06-03 00:04:39"
        }
      ],
      [
        {
          "side": "sell",
          "price": 67868.67,
          "quantity": 0.00158,
          "timestamp": "2024-06-03 00:04:39"
        }
      ],
      [
        {
          "side": "buy",
          "price": 67854.04,
          "quantity": 0.00061,
          "timestamp": "2024-06-03 00:04:39"
        }
      ],
      [
        {
          "side": "buy",
          "price": 67843.52,
          "quantity": 0.00193,
          "timestamp": "2024-06-03 00:04:39"
        }
      ],
      [
        {
          "side": "sell",
          "price": 67853.59,
          "quantity": 0.0011,
          "timestamp": "2024-06-03 00:04:39"
        }
      ],
      [
        {
          "side": "sell",
          "price": 67867.04,
          "quantity": 0.00103,
          "timestamp": "2024-06-03 00:04:39"
        }
      ],
      [
        {
          "side": "buy",
          "price": 67847.61,
          "quantity": 0.00122,
          "timestamp": "2024-06-03 00:04:39"
        }
      ],
      [
        {
          "side": "sell",
          "price": 67845.05,
          "quantity": 0.00131,
          "timestamp": "2024-06-03 00:04:39"
        }
      ],
      [
        {
          "side": "buy",
          "price": 67850.65,
          "quantity": 0.00161,
          "timestamp": "2024-06-03 00:04:39"
        }
      ],
      [
        {
          "side": "buy",
          "price": 67849.93,
          "quantity": 0.00146,
          "timestamp": "2024-06-03 00:04:39"
        }
      ],
      [
        {
          "side": "sell",
          "price": 67836.07,
          "quantity": 0.00108,
          "timestamp": "2024-06-03 00:04:39"
        }
      ],
      [
        {
          "side": "buy",
          "price": 67852.48,
          "quantity": 0.00065,
          "timestamp": "2024-06-03 00:04:39"
        }
      ],
      [
        {
          "side": "sell",
          "price": 67846.44,
          "quantity": 0.00141,
          "timestamp": "2024-06-03 00:04:39"
        }
      ],
      [
        {
          "side": "buy",
          "price": 67844.56,
          "quantity": 0.00069,
          "timestamp": "2024-06-03 00:04:39"
        }
      ],
      [
        {
          "side": "sell",
          "price": 67837.94,
          "quantity": 0.00169,
          "timestamp": "2024-06-03 00:04:39"
        }
      ],
      [
        {
          "side": "sell",
          "price": 67861.93,
          "quantity": 0.00205,
          "timestamp": "2024-06-03 00:04:39"
        }
      ],
      [
        {
          "side": "buy",
          "price": 67857.1,
          "quantity": 0.00215,
          "timestamp": "2024-06-03 00:04:39"
        }
      ],
      [
        {
          "side": "sell",
          "price": 67840.18,
          "quantity": 0.00068,
          "timestamp": "2024-06-03 00:04:39"
        }
      ],
      [
        {
          "side": "sell",
          "price": 67864.03,
          "quantity": 0.00208,
          "timestamp": "2024-06-03 00:04:39"
        }
      ],
      [
        {
          "side": "buy",
          "price": 67867.6,
          "quantity": 0.00059,
          "timestamp": "2024-06-03 00:04:39"
        }
      ],
      [
        {
          "side": "buy",
          "price": 67858.07,
          "quantity": 0.00148,
          "timestamp": "2024-06-03 00:04:39"
        }
      ],
      [
        {
          "side": "sell",
          "price": 67850.75,
          "quantity": 0.00108,
          "timestamp": "2024-06-03 00:04:39"
        }
      ],
      [
        {
          "side": "buy",
          "price": 67849.41,
          "quantity": 0.00215,
          "timestamp": "2024-06-03 00:04:39"
        }
      ],
      [
        {
          "side": "buy",
          "price": 67859.74,
          "quantity": 0.00154,
          "timestamp": "2024-06-03 00:04:39"
        }
      ],
      [
        {
          "side": "sell",
          "price": 67858.69,
          "quantity": 0.00197,
          "timestamp": "2024-06-03 00:04:39"
        }
      ],
      [
        {
          "side": "sell",
          "price": 67835.69,
          "quantity": 0.00166,
          "timestamp": "2024-06-03 00:04:39"
        }
      ],
      [
        {
          "side": "sell",
          "price": 67860.91,
          "quantity": 0.00157,
          "timestamp": "2024-06-03 00:04:39"
        }
      ],
      [
        {
          "side": "buy",
          "price": 67857.9,
          "quantity": 0.00078,
          "timestamp": "2024-06-03 00:04:39"
        }
      ],
      [
        {
          "side": "sell",
          "price": 67851.37,
          "quantity": 0.00166,
          "timestamp": "2024-06-03 00:04:39"
        }
      ],
      [
        {
          "side": "sell",
          "price": 67855.23,
          "quantity": 0.00151,
          "timestamp": "2024-06-03 00:04:39"
        }
      ],
      [
        {
          "side": "sell",
          "price": 67851.1,
          "quantity": 0.00149,
          "timestamp": "2024-06-03 00:04:39"
        }
      ],
      [
        {
          "side": "sell",
          "price": 67851.53,
          "quantity": 0.00146,
          "timestamp": "2024-06-03 00:04:39"
        }
      ],
      [
        {
          "side": "sell",
          "price": 67844.7,
          "quantity": 0.00128,
          "timestamp": "2024-06-03 00:04:39"
        }
      ],
      [
        {
          "side": "buy",
          "price": 67851.49,
          "quantity": 0.00067,
          "timestamp": "2024-06-03 00:04:39"
        }
      ],
      [
        {
          "side": "buy",
          "price": 67857.07,
          "quantity": 0.00116,
          "timestamp": "2024-06-03 00:04:39"
        }
