[
  {
    "e": "aggTrade",
    "E": 1717270126328,
    "a": 332465870,
    "s": "BTCUSD_PERP",
    "p": "67690.8",
    "q": "1",
    "f": 818552252,
    "l": 818552252,
    "T": 1717270126170,
    "m": true
  },
  {
    "e": "aggTrade",
    "E": 1717270125900,
    "a": 332465869,
    "s": "BTCUSD_PERP",
    "p": "67690.8",
    "q": "23",
    "f": 818552249,
    "l": 818552251,
    "T": 1717270125744,
    "m": true
  },
  {
    "e": "aggTrade",
    "E": 1717270124256,
    "a": 332465868,
    "s": "BTCUSD_PERP",
    "p": "67690.8",
    "q": "2",
    "f": 818552248,
    "l": 818552248,
    "T": 1717270124094,
    "m": true
  },
  {
    "e": "aggTrade",
    "E": 1717270123944,
    "a": 332465867,
    "s": "BTCUSD_PERP",
    "p": "67690.8",
    "q": "21",
    "f": 818552246,
    "l": 818552247,
    "T": 1717270123786,
    "m": true
  },
  {
    "e": "aggTrade",
    "E": 1717270122281,
    "a": 332465866,
    "s": "BTCUSD_PERP",
    "p": "67690.8",
    "q": "1",
    "f": 818552245,
    "l": 818552245,
    "T": 1717270122124,
    "m": true
  },
  {
    "e": "aggTrade",
    "E": 1717270121966,
    "a": 332465865,
    "s": "BTCUSD_PERP",
    "p": "67690.8",
    "q": "24",
    "f": 818552242,
    "l": 818552244,
    "T": 1717270121804,
    "m": true
  },
  {
    "e": "aggTrade",
    "E": 1717270120256,
    "a": 332465864,
    "s": "BTCUSD_PERP",
    "p": "67690.8",
    "q": "1",
    "f": 818552241,
    "l": 818552241,
    "T": 1717270120094,
    "m": true
  },
  {
    "e": "aggTrade",
    "E": 1717270119901,
    "a": 332465863,
    "s": "BTCUSD_PERP",
    "p": "67690.8",
    "q": "24",
    "f": 818552237,
    "l": 818552240,
    "T": 1717270119740,
    "m": true
  },
  {
    "e": "aggTrade",
    "E": 1717270118266,
    "a": 332465862,
    "s": "BTCUSD_PERP",
    "p": "67690.8",
    "q": "1",
    "f": 818552236,
    "l": 818552236,
    "T": 1717270118109,
    "m": true
  },
  {
    "e": "aggTrade",
    "E": 1717270118015,
    "a": 332465861,
    "s": "BTCUSD_PERP",
    "p": "67690.8",
    "q": "24",
    "f": 818552232,
    "l": 818552235,
    "T": 1717270117856,
    "m": true
  },
  {
    "e": "aggTrade",
    "E": 1717270116341,
    "a": 332465860,
    "s": "BTCUSD_PERP",
    "p": "67690.8",
    "q": "1",
    "f": 818552231,
    "l": 818552231,
    "T": 1717270116179,
    "m": true
  },
  {
    "e": "aggTrade",
    "E": 1717270115999,
    "a": 332465859,
    "s": "BTCUSD_PERP",
    "p": "67690.8",
    "q": "24",
    "f": 818552228,
    "l": 818552230,
    "T": 1717270115841,
    "m": true
  },
  {
    "e": "aggTrade",
    "E": 1717270115196,
    "a": 332465858,
    "s": "BTCUSD_PERP",
    "p": "67690.9",
    "q": "98",
    "f": 818552227,
    "l": 818552227,
    "T": 1717270115035,
    "m": false
  },
  {
    "e": "aggTrade",
    "E": 1717270101256,
    "a": 332465857,
    "s": "BTCUSD_PERP",
    "p": "67690.8",
    "q": "15",
    "f": 818552226,
    "l": 818552226,
    "T": 1717270101096,
    "m": true
  },
  {
    "e": "aggTrade",
    "E": 1717270101057,
    "a": 332465856,
    "s": "BTCUSD_PERP",
    "p": "67690.8",
    "q": "14",
    "f": 818552225,
    "l": 818552225,
    "T": 1717270100898,
    "m": true
  },
  {
    "e": "aggTrade",
    "E": 1717270100851,
    "a": 332465855,
    "s": "BTCUSD_PERP",
    "p": "67690.8",
    "q": "15",
    "f": 818552224,
    "l": 818552224,
    "T": 1717270100693,
    "m": true
  },
  {
    "e": "aggTrade",
    "E": 1717270100657,
    "a": 332465854,
    "s": "BTCUSD_PERP",
    "p": "67690.8",
    "q": "14",
    "f": 818552223,
    "l": 818552223,
    "T": 1717270100494,
    "m": true
  },
  {
    "e": "aggTrade",
    "E": 1717270100453,
    "a": 332465853,
    "s": "BTCUSD_PERP",
    "p": "67690.8",
    "q": "11",
    "f": 818552222,
    "l": 818552222,
    "T": 1717270100293,
    "m": true
  },
  {
    "e": "aggTrade",
    "E": 1717270099224,
    "a": 332465852,
    "s": "BTCUSD_PERP",
    "p": "67690.8",
    "q": "11",
    "f": 818552221,
    "l": 818552221,
    "T": 1717270099062,
    "m": true
  },
  {
    "e": "aggTrade",
    "E": 1717270098929,
    "a": 332465851,
    "s": "BTCUSD_PERP",
    "p": "67690.8",
    "q": "11",
    "f": 818552219,
    "l": 818552220,
    "T": 1717270098771,
    "m": true
  },
  {
    "e": "aggTrade",
    "E": 1717270098778,
    "a": 332465850,
    "s": "BTCUSD_PERP",
    "p": "67690.8",
    "q": "10",
    "f": 818552218,
    "l": 818552218,
    "T": 1717270098665,
    "m": true
  },
  {
    "e": "aggTrade",
    "E": 1717270098623,
    "a": 332465849,
    "s": "BTCUSD_PERP",
    "p": "67690.8",
    "q": "11",
    "f": 818552217,
    "l": 818552217,
    "T": 1717270098461,
    "m": true
  },
  {
    "e": "aggTrade",
    "E": 1717270098357,
    "a": 332465848,
    "s": "BTCUSD_PERP",
    "p": "67690.8",
    "q": "25",
    "f": 818552215,
    "l": 818552216,
    "T": 1717270098197,
    "m": true
  },
  {
    "e": "aggTrade",
    "E": 1717270097536,
    "a": 332465847,
    "s": "BTCUSD_PERP",
    "p": "67690.8",
    "q": "1",
    "f": 818552214,
    "l": 818552214,
    "T": 1717270097378,
    "m": true
  },
  {
    "e": "aggTrade",
    "E": 1717270097333,
    "a": 332465846,
    "s": "BTCUSD_PERP",
    "p": "67690.8",
    "q": "2",
    "f": 818552212,
    "l": 818552213,
    "T": 1717270097177,
    "m": true
  },
  {
    "e": "aggTrade",
    "E": 1717270097139,
    "a": 332465845,
    "s": "BTCUSD_PERP",
    "p": "67690.8",
    "q": "3",
    "f": 818552210,
    "l": 818552211,
    "T": 1717270096976,
    "m": true
  },
  {
    "e": "aggTrade",
    "E": 1717270096943,
    "a": 332465844,
    "s": "BTCUSD_PERP",
    "p": "67690.8",
    "q": "2",
    "f": 818552208,
    "l": 818552209,
    "T": 1717270096781,
    "m": true
  },
  {
    "e": "aggTrade",
    "E": 1717270096740,
    "a": 332465843,
    "s": "BTCUSD_PERP",
    "p": "67690.8",
    "q": "2",
    "f": 818552206,
    "l": 818552207,
    "T": 1717270096577,
    "m": true
  },
  {
    "e": "aggTrade",
    "E": 1717270096334,
    "a": 332465842,
    "s": "BTCUSD_PERP",
    "p": "67690.8",
    "q": "25",
    "f": 818552204,
    "l": 818552205,
    "T": 1717270096175,
    "m": true
  },
  {
    "e": "aggTrade",
    "E": 1717270094565,
    "a": 332465841,
    "s": "BTCUSD_PERP",
    "p": "67690.8",
    "q": "2",
    "f": 818552202,
    "l": 818552203,
    "T": 1717270094403,
    "m": true
  },
  {
    "e": "aggTrade",
    "E": 1717270094352,
    "a": 332465840,
    "s": "BTCUSD_PERP",
    "p": "67690.8",
    "q": "14",
    "f": 818552201,
    "l": 818552201,
    "T": 1717270094194,
    "m": true
  },
  {
    "e": "aggTrade",
    "E": 1717270093879,
    "a": 332465839,
    "s": "BTCUSD_PERP",
    "p": "67690.8",
    "q": "11",
    "f": 818552200,
    "l": 818552200,
    "T": 1717270093722,
    "m": true
  },
  {
    "e": "aggTrade",
    "E": 1717270092598,
    "a": 332465838,
    "s": "BTCUSD_PERP",
    "p": "67690.8",
    "q": "3",
    "f": 818552198,
    "l": 818552199,
    "T": 1717270092437,
    "m": true
  },
  {
    "e": "aggTrade",
    "E": 1717270092290,
    "a": 332465837,
    "s": "BTCUSD_PERP",
    "p": "67690.8",
    "q": "14",
    "f": 818552197,
    "l": 818552197,
    "T": 1717270092129,
    "m": true
  },
  {
    "e": "aggTrade",
    "E": 1717270091876,
    "a": 332465836,
    "s": "BTCUSD_PERP",
    "p": "67690.8",
    "q": "11",
    "f": 818552196,
    "l": 818552196,
    "T": 1717270091714,
    "m": true
  },
  {
    "e": "aggTrade",
    "E": 1717270090536,
    "a": 332465835,
    "s": "BTCUSD_PERP",
    "p": "67690.8",
    "q": "2",
    "f": 818552194,
    "l": 818552195,
    "T": 1717270090375,
    "m": true
  },
  {
    "e": "aggTrade",
    "E": 1717270090327,
    "a": 332465834,
    "s": "BTCUSD_PERP",
    "p": "67690.8",
    "q": "14",
    "f": 818552193,
    "l": 818552193,
    "T": 1717270090168,
    "m": true
  },
  {
    "e": "aggTrade",
    "E": 1717270089869,
    "a": 332465833,
    "s": "BTCUSD_PERP",
    "p": "67690.8",
    "q": "11",
    "f": 818552192,
    "l": 818552192,
    "T": 1717270089709,
    "m": true
  },
  {
    "e": "aggTrade",
    "E": 1717270088596,
    "a": 332465832,
    "s": "BTCUSD_PERP",
    "p": "67690.8",
    "q": "2",
    "f": 818552190,
    "l": 818552191,
    "T": 1717270088435,
    "m": true
  },
  {
    "e": "aggTrade",
    "E": 1717270088285,
    "a": 332465831,
    "s": "BTCUSD_PERP",
    "p": "67690.8",
    "q": "15",
    "f": 818552189,
    "l": 818552189,
    "T": 1717270088123,
    "m": true
  },
  {
    "e": "aggTrade",
    "E": 1717270087916,
    "a": 332465830,
    "s": "BTCUSD_PERP",
    "p": "67690.8",
    "q": "10",
    "f": 818552187,
    "l": 818552188,
    "T": 1717270087756,
    "m": true
  },
  {
    "e": "aggTrade",
    "E": 1717270086610,
    "a": 332465829,
    "s": "BTCUSD_PERP",
    "p": "67690.8",
    "q": "2",
    "f": 818552185,
    "l": 818552186,
    "T": 1717270086445,
    "m": true
  },
  {
    "e": "aggTrade",
    "E": 1717270086249,
    "a": 332465828,
    "s": "BTCUSD_PERP",
    "p": "67690.8",
    "q": "13",
    "f": 818552184,
    "l": 818552184,
    "T": 1717270086094,
    "m": true
  },
  {
    "e": "aggTrade",
    "E": 1717270085925,
    "a": 332465827,
    "s": "BTCUSD_PERP",
    "p": "67690.8",
    "q": "11",
    "f": 818552183,
    "l": 818552183,
    "T": 1717270085767,
    "m": true
  },
  {
    "e": "aggTrade",
    "E": 1717270082566,
    "a": 332465823,
    "s": "BTCUSD_PERP",
    "p": "67690.8",
    "q": "2",
    "f": 818552177,
    "l": 818552178,
    "T": 1717270082405,
    "m": true
  },
  {
    "e": "aggTrade",
    "E": 1717270082243,
    "a": 332465822,
    "s": "BTCUSD_PERP",
    "p": "67690.8",
    "q": "14",
    "f": 818552176,
    "l": 818552176,
    "T": 1717270082084,
    "m": true
  },
  {
    "e": "aggTrade",
    "E": 1717270058567,
    "a": 332465792,
    "s": "BTCUSD_PERP",
    "p": "67684.0",
    "q": "2",
    "f": 818552103,
    "l": 818552104,
    "T": 1717270058409,
    "m": true
  },
  {
    "e": "aggTrade",
    "E": 1717270084548,
    "a": 332465826,
    "s": "BTCUSD_PERP",
    "p": "67690.8",
    "q": "3",
    "f": 818552181,
    "l": 818552182,
    "T": 1717270084387,
    "m": true
  },
  {
    "e": "aggTrade",
    "E": 1717270058251,
    "a": 332465791,
    "s": "BTCUSD_PERP",
    "p": "67684.0",
    "q": "15",
    "f": 818552102,
    "l": 818552102,
    "T": 1717270058092,
    "m": true
  },
  {
    "e": "aggTrade",
    "E": 1717270084339,
    "a": 332465825,
    "s": "BTCUSD_PERP",
    "p": "67690.8",
    "q": "15",
    "f": 818552180,
    "l": 818552180,
    "T": 1717270084182,
    "m": true
  },
  {
    "e": "aggTrade",
    "E": 1717270056314,
    "a": 332465788,
    "s": "BTCUSD_PERP",
    "p": "67684.0",
    "q": "14",
    "f": 818552098,
    "l": 818552098,
    "T": 1717270056160,
    "m": true
  },
  {
    "e": "aggTrade",
    "E": 1717270057926,
    "a": 332465790,
    "s": "BTCUSD_PERP",
    "p": "67684.0",
    "q": "11",
    "f": 818552101,
    "l": 818552101,
    "T": 1717270057767,
    "m": true
  },
  {
    "e": "aggTrade",
    "E": 1717270083904,
    "a": 332465824,
    "s": "BTCUSD_PERP",
    "p": "67690.8",
    "q": "11",
    "f": 818552179,
    "l": 818552179,
    "T": 1717270083746,
    "m": true
  },
  {
    "e": "aggTrade",
    "E": 1717270055997,
    "a": 332465787,
    "s": "BTCUSD_PERP",
    "p": "67684.0",
    "q": "11",
    "f": 818552097,
    "l": 818552097,
    "T": 1717270055839,
    "m": true
  },
  {
    "e": "aggTrade",
    "E": 1717270056691,
    "a": 332465789,
    "s": "BTCUSD_PERP",
    "p": "67684.0",
    "q": "2",
    "f": 818552099,
    "l": 818552100,
    "T": 1717270056529,
    "m": true
  },
  {
    "e": "aggTrade",
    "E": 1717270081863,
    "a": 332465821,
    "s": "BTCUSD_PERP",
    "p": "67690.8",
    "q": "10",
    "f": 818552175,
    "l": 818552175,
    "T": 1717270081705,
    "m": true
  },
  {
    "result": null,
    "id": 1998061454
  },
  {
    "result": null,
    "id": 1979674294
  }
]