[{"action": "update", "arg": {"instType": "SPOT", "channel": "books", "instId": "BTCUSDT"}, "data": [{"asks": [["65755.10", "0.383125"], ["65755.70", "0.359830"], ["65757.10", "0.579938"], ["65759.00", "0"], ["65762.50", "0.317505"], ["65764.30", "0.045930"], ["65764.40", "0"], ["65777.50", "1.817653"], ["65780.20", "0.018643"], ["65780.30", "1.219703"], ["65780.80", "1.452340"], ["65784.10", "1.373835"], ["65787.40", "1.334583"], ["65790.70", "1.295331"], ["65794.00", "1.432714"], ["65797.30", "1.589724"], ["65800.60", "1.785986"], ["65803.90", "1.236452"], ["65807.20", "1.256078"], ["65813.80", "1.668229"], ["65817.10", "1.570098"], ["65820.40", "1.275704"], ["65823.70", "1.393462"], ["65827.00", "1.648602"], ["65830.30", "1.471967"], ["65833.60", "1.687855"], ["65836.90", "1.609350"], ["65840.20", "1.746734"], ["65843.50", "1.550471"], ["65846.80", "1.413088"], ["65850.10", "1.491593"], ["65853.40", "1.766360"], ["65856.70", "1.314957"], ["65860.00", "1.707481"], ["65863.30", "1.805612"], ["65866.60", "1.727107"], ["65869.90", "1.354209"], ["65873.20", "1.511219"]], "bids": [["65718.80", "1.564333"], ["65718.70", "0"], ["65713.50", "0"], ["65711.40", "1.334583"], ["65708.10", "1.550471"], ["65706.50", "0.475000"], ["65704.80", "1.511219"], ["65701.50", "1.668229"], ["65698.20", "1.256078"], ["65694.90", "1.805612"], ["65691.60", "1.746734"], ["65688.30", "1.785986"], ["65685.00", "1.609350"], ["65681.70", "1.628976"], ["65678.40", "1.530845"], ["65675.10", "1.314957"], ["65671.80", "1.393462"], ["65668.50", "1.707481"], ["65665.20", "1.354209"], ["65661.90", "1.687855"], ["65658.60", "1.452340"], ["65655.30", "1.491593"], ["65652.00", "1.589724"], ["65648.70", "1.295331"], ["65645.40", "1.570098"], ["65642.10", "1.727107"], ["65638.80", "1.413088"], ["65635.50", "1.373835"], ["65632.20", "1.766360"], ["65628.90", "1.471967"], ["65625.60", "1.432714"], ["65622.30", "1.275704"], ["65619.00", "1.236452"], ["65615.70", "1.648602"]], "checksum": 1123595141, "ts": "1712099949135"}], "ts": 1712099949135, "_doc": "e1e71fa2-38e4-4b7a-905c-999bbeb3939f"}, {"action": "update", "arg": {"instType": "SPOT", "channel": "books", "instId": "BTCUSDT"}, "data": [{"asks": [["65762.60", "0.012978"], ["65764.40", "1.036147"], ["65777.50", "1.444755"], ["65780.20", "0"], ["65780.30", "0"], ["65780.80", "1.550471"], ["65784.10", "1.570098"], ["65787.40", "1.491593"], ["65790.70", "1.393462"], ["65794.00", "1.511219"], ["65797.30", "1.432714"], ["65800.60", "1.314957"], ["65803.90", "1.628976"], ["65807.20", "1.589724"], ["65810.50", "1.530845"], ["65813.80", "1.275704"], ["65820.40", "1.707481"], ["65823.70", "1.334583"], ["65827.00", "1.766360"], ["65830.30", "1.609350"], ["65833.60", "1.236452"], ["65843.50", "1.373835"], ["65846.80", "1.785986"], ["65850.10", "1.413088"], ["65853.40", "1.648602"], ["65856.70", "1.668229"], ["65860.00", "1.295331"], ["65863.30", "1.452340"], ["65866.60", "1.746734"], ["65869.90", "1.727107"], ["65873.20", "1.687855"]], "bids": [["65733.00", "2.961396"], ["65719.10", "3.000000"], ["65719.00", "5.000000"], ["65715.60", "0.007500"], ["65715.50", "0"], ["65713.50", "0.152058"], ["65711.40", "1.550471"], ["65711.20", "1.140915"], ["65708.10", "1.805612"], ["65706.50", "0"], ["65705.70", "0"], ["65704.80", "1.491593"], ["65704.30", "0"], ["65701.50", "1.373835"], ["65698.20", "1.275704"], ["65694.90", "1.570098"], ["65691.60", "1.256078"], ["65688.30", "1.334583"], ["65685.00", "1.727107"], ["65681.70", "1.236452"], ["65678.40", "1.766360"], ["65675.10", "1.628976"], ["65671.80", "1.668229"], ["65668.50", "1.432714"], ["65661.90", "1.314957"], ["65658.60", "1.785986"], ["65655.30", "1.707481"], ["65652.00", "1.530845"], ["65648.70", "1.511219"], ["65645.40", "1.413088"], ["65642.10", "1.746734"], ["65638.80", "1.648602"], ["65635.50", "1.609350"], ["65632.20", "1.452340"], ["65628.90", "1.354209"], ["65625.60", "1.471967"], ["65622.30", "1.589724"], ["65619.00", "1.687855"], ["65615.70", "1.393462"]], "checksum": 940498285, "ts": "1712099948932"}], "ts": 1712099948932, "_doc": "defdf99a-3bc4-4a84-b35c-3c4a68315d2c"}, {"action": "update", "arg": {"instType": "SPOT", "channel": "books", "instId": "BTCUSDT"}, "data": [{"asks": [["65762.50", "0.011003"], ["65762.60", "0"], ["65764.30", "0.145930"], ["65774.20", "0.554081"], ["65775.20", "0.570428"], ["65777.50", "1.915784"], ["65780.30", "1.219703"], ["65780.80", "1.785986"], ["65784.10", "1.746734"], ["65787.40", "1.648602"], ["65790.70", "1.687855"], ["65794.00", "1.295331"], ["65797.30", "1.413088"], ["65800.60", "1.334583"], ["65803.90", "1.766360"], ["65807.20", "1.570098"], ["65810.50", "1.609350"], ["65813.80", "1.668229"], ["65817.10", "1.805612"], ["65820.40", "1.314957"], ["65823.70", "1.707481"], ["65827.00", "1.452340"], ["65830.30", "1.550471"], ["65833.60", "1.491593"], ["65843.50", "1.530845"], ["65846.80", "1.393462"], ["65853.40", "1.589724"], ["65856.70", "1.256078"], ["65860.00", "1.432714"], ["65863.30", "1.236452"], ["65866.60", "1.373835"], ["65873.20", "1.628976"]], "bids": [["65718.10", "0"], ["65717.00", "0"], ["65715.60", "0.480492"], ["65715.50", "1.539526"], ["65708.10", "1.687855"], ["65704.80", "1.570098"], ["65704.30", "0.190183"], ["65701.50", "1.589724"], ["65698.20", "1.628976"], ["65694.90", "1.314957"], ["65691.60", "1.354209"], ["65688.30", "1.432714"], ["65685.00", "1.609350"], ["65681.70", "1.805612"], ["65678.40", "1.413088"], ["65675.10", "1.746734"], ["65668.50", "1.707481"], ["65665.20", "1.295331"], ["65661.90", "1.511219"], ["65658.60", "1.471967"], ["65655.30", "1.236452"], ["65652.00", "1.334583"], ["65648.70", "1.648602"], ["65645.40", "1.452340"], ["65642.10", "1.373835"], ["65638.80", "1.393462"], ["65635.50", "1.668229"], ["65632.20", "1.275704"], ["65628.90", "1.727107"], ["65625.60", "1.766360"], ["65622.30", "1.785986"], ["65619.00", "1.491593"]], "checksum": 750222425, "ts": "1712099948723"}], "ts": 1712099948723, "_doc": "e3287ded-4991-443b-91ab-cb9d8604a5e3"}, {"action": "update", "arg": {"instType": "SPOT", "channel": "books", "instId": "BTCUSDT"}, "data": [{"asks": [["65757.10", "0.678502"], ["65759.00", "0.380373"], ["65759.40", "0"], ["65762.50", "0.328511"], ["65762.60", "0.100000"], ["65767.80", "0.076000"], ["65774.20", "0.061383"], ["65775.20", "1.063126"], ["65777.50", "1.582139"], ["65779.90", "0"], ["65780.80", "1.707481"], ["65784.10", "1.648602"], ["65787.40", "1.668229"], ["65790.70", "1.452340"], ["65794.00", "1.334583"], ["65797.30", "1.746734"], ["65800.60", "1.432714"], ["65803.90", "1.805612"], ["65807.20", "1.236452"], ["65810.50", "1.550471"], ["65813.80", "1.295331"], ["65817.10", "1.413088"], ["65820.40", "1.570098"], ["65823.70", "1.727107"], ["65827.00", "1.609350"], ["65830.30", "1.314957"], ["65833.60", "1.256078"], ["65836.90", "1.471967"], ["65840.20", "1.354209"], ["65843.50", "1.589724"], ["65846.80", "1.785986"], ["65850.10", "1.511219"], ["65853.40", "1.628976"], ["65856.70", "1.491593"], ["65860.00", "1.687855"], ["65863.30", "1.530845"], ["65866.60", "1.766360"], ["65869.90", "1.275704"], ["65873.20", "1.373835"]], "bids": [["65733.00", "3.238770"], ["65731.60", "0.110949"], ["65724.40", "0.100000"], ["65718.70", "1.564343"], ["65718.60", "0"], ["65711.40", "1.530845"], ["65708.10", "1.452340"], ["65704.80", "1.609350"], ["65704.30", "0"], ["65701.50", "1.727107"], ["65698.20", "1.373835"], ["65694.90", "1.334583"], ["65691.60", "1.295331"], ["65688.30", "1.275704"], ["65685.00", "1.766360"], ["65681.70", "1.648602"], ["65678.40", "1.471967"], ["65675.10", "1.570098"], ["65671.80", "1.256078"], ["65668.50", "1.687855"], ["65665.20", "1.432714"], ["65661.90", "1.746734"], ["65655.30", "1.707481"], ["65652.00", "1.511219"], ["65648.70", "1.589724"], ["65645.40", "1.628976"], ["65642.10", "1.805612"], ["65638.80", "1.354209"], ["65635.50", "1.236452"], ["65632.20", "1.668229"], ["65628.90", "1.491593"], ["65625.60", "1.314957"], ["65622.30", "1.393462"], ["65619.00", "1.785986"], ["65615.70", "1.550471"]], "checksum": 1754836635, "ts": "1712099948515"}], "ts": 1712099948515, "_doc": "102beca9-9f24-4e3f-8632-40707d578967"}, {"action": "update", "arg": {"instType": "SPOT", "channel": "books", "instId": "BTCUSDT"}, "data": [{"asks": [["65755.40", "0.152250"], ["65755.70", "0.357330"], ["65762.60", "0.317508"], ["65772.90", "0.080126"], ["65774.20", "0.554086"], ["65777.50", "1.464381"], ["65780.30", "0"], ["65780.80", "1.766360"], ["65784.10", "1.589724"], ["65787.40", "1.648602"], ["65790.70", "1.530845"], ["65797.30", "1.707481"], ["65800.60", "1.805612"], ["65803.90", "1.609350"], ["65807.20", "1.491593"], ["65810.50", "1.314957"], ["65813.80", "1.511219"], ["65817.10", "1.373835"], ["65820.40", "1.295331"], ["65823.70", "1.550471"], ["65827.00", "1.393462"], ["65830.30", "1.334583"], ["65833.60", "1.452340"], ["65836.90", "1.256078"], ["65843.50", "1.785986"], ["65850.10", "1.432714"], ["65853.40", "1.471967"], ["65856.70", "1.746734"], ["65860.00", "1.668229"], ["65863.30", "1.727107"], ["65866.60", "1.628976"], ["65869.90", "1.687855"], ["65873.20", "1.354209"]], "bids": [["65732.80", "1.048705"], ["65730.90", "0.329929"], ["65718.60", "1.564348"], ["65717.00", "5.000000"], ["65711.40", "1.432714"], ["65708.10", "1.295331"], ["65704.80", "1.354209"], ["65704.30", "0.193986"], ["65701.50", "1.314957"], ["65698.20", "1.628976"], ["65694.90", "1.530845"], ["65691.60", "1.589724"], ["65688.30", "1.766360"], ["65685.00", "1.727107"], ["65681.70", "1.707481"], ["65678.40", "1.785986"], ["65675.10", "1.668229"], ["65671.80", "1.648602"], ["65668.50", "1.511219"], ["65665.20", "1.570098"], ["65661.90", "1.452340"], ["65658.60", "1.413088"], ["65655.30", "1.334583"], ["65652.00", "1.275704"], ["65648.70", "1.687855"], ["65645.40", "1.471967"], ["65642.10", "1.609350"], ["65638.80", "1.393462"], ["65635.50", "1.550471"], ["65632.20", "1.491593"], ["65628.90", "1.805612"], ["65625.60", "1.373835"], ["65622.30", "1.746734"], ["65619.00", "1.256078"], ["65615.70", "1.236452"]], "checksum": -1902329467, "ts": "1712099948296"}], "ts": 1712099948296, "_doc": "2c881b9d-0933-4424-99b0-0d5b1dc782be"}, {"action": "update", "arg": {"instType": "SPOT", "channel": "books", "instId": "BTCUSDT"}, "data": [{"asks": [["65755.40", "0"], ["65758.20", "0.015243"], ["65766.20", "0.076000"], ["65777.50", "1.837279"], ["65780.80", "1.354209"], ["65784.10", "1.668229"], ["65787.40", "1.314957"], ["65790.70", "1.373835"], ["65794.00", "1.570098"], ["65797.30", "1.785986"], ["65800.60", "1.471967"], ["65803.90", "1.511219"], ["65807.20", "1.334583"], ["65810.50", "1.727107"], ["65813.80", "1.295331"], ["65817.10", "1.707481"], ["65820.40", "1.530845"], ["65827.00", "1.766360"], ["65830.30", "1.687855"], ["65833.60", "1.256078"], ["65840.20", "1.413088"], ["65843.50", "1.275704"], ["65846.80", "1.236452"], ["65850.10", "1.491593"], ["65856.70", "1.609350"], ["65860.00", "1.550471"], ["65863.30", "1.393462"], ["65866.60", "1.746734"], ["65869.90", "1.805612"], ["65873.20", "1.589724"]], "bids": [["65744.98", "0.049268"], ["65731.60", "0.055850"], ["65731.20", "0.152102"], ["65730.10", "0.273771"], ["65729.40", "0.038029"], ["65729.30", "0"], ["65728.70", "0.228104"], ["65715.50", "0"], ["65711.40", "1.393462"], ["65708.10", "1.746734"], ["65704.80", "1.628976"], ["65704.10", "0"], ["65701.50", "1.766360"], ["65698.20", "1.707481"], ["65694.90", "1.570098"], ["65691.60", "1.609350"], ["65688.30", "1.727107"], ["65685.00", "1.530845"], ["65681.70", "1.295331"], ["65678.40", "1.550471"], ["65675.10", "1.413088"], ["65671.80", "1.354209"], ["65668.50", "1.314957"], ["65665.20", "1.687855"], ["65661.90", "1.648602"], ["65658.60", "1.785986"], ["65655.30", "1.256078"], ["65652.00", "1.668229"], ["65648.70", "1.275704"], ["65645.40", "1.236452"], ["65642.10", "1.805612"], ["65638.80", "1.452340"], ["65635.50", "1.491593"], ["65632.20", "1.471967"], ["65628.90", "1.373835"], ["65625.60", "1.334583"], ["65622.30", "1.511219"], ["65619.00", "1.589724"], ["65615.70", "1.432714"]], "checksum": -1849601677, "ts": "1712099948096"}], "ts": 1712099948096, "_doc": "41d2a6e4-0d95-4219-bd13-6e2dcf0616b0"}, {"action": "update", "arg": {"instType": "SPOT", "channel": "books", "instId": "BTCUSDT"}, "data": [{"asks": [["65755.70", "0.607330"], ["65762.50", "0.011003"], ["65762.60", "0.417508"], ["65763.60", "0.470800"], ["65772.90", "0.572834"], ["65774.20", "0.061383"], ["65777.50", "1.896158"], ["65777.60", "1.550495"], ["65780.80", "1.393462"], ["65780.90", "0"], ["65784.10", "1.687855"], ["65787.40", "1.413088"], ["65790.70", "1.295331"], ["65794.00", "1.511219"], ["65797.30", "1.314957"], ["65800.60", "1.589724"], ["65803.90", "1.275704"], ["65807.20", "1.471967"], ["65810.50", "1.805612"], ["65813.80", "1.727107"], ["65817.10", "1.785986"], ["65820.40", "1.491593"], ["65823.70", "1.452340"], ["65827.00", "1.530845"], ["65830.30", "1.373835"], ["65833.60", "1.334583"], ["65836.90", "1.432714"], ["65840.20", "1.236452"], ["65843.50", "1.570098"], ["65846.80", "1.609350"], ["65850.10", "1.648602"], ["65853.40", "1.628976"], ["65856.70", "1.354209"], ["65860.00", "1.746734"], ["65863.30", "1.766360"], ["65866.60", "1.550471"], ["65869.90", "1.668229"]], "bids": [["65732.80", "0.882477"], ["65731.20", "0"], ["65730.90", "0.342332"], ["65729.00", "0"], ["65724.40", "0"], ["65718.60", "0.361075"], ["65717.00", "5.492708"], ["65715.80", "0.045575"], ["65711.40", "1.687855"], ["65708.10", "1.511219"], ["65705.70", "0.055650"], ["65704.80", "1.471967"], ["65704.30", "0.190183"], ["65704.10", "0.125000"], ["65701.50", "1.314957"], ["65698.20", "1.805612"], ["65694.90", "1.354209"], ["65691.60", "1.785986"], ["65688.30", "1.746734"], ["65685.00", "1.236452"], ["65681.70", "1.609350"], ["65678.40", "1.668229"], ["65671.80", "1.373835"], ["65668.50", "1.491593"], ["65665.20", "1.432714"], ["65661.90", "1.570098"], ["65658.60", "1.707481"], ["65655.30", "1.628976"], ["65652.00", "1.727107"], ["65648.70", "1.413088"], ["65645.40", "1.766360"], ["65642.10", "1.256078"], ["65638.80", "1.393462"], ["65635.50", "1.334583"], ["65632.20", "1.530845"], ["65628.90", "1.648602"], ["65625.60", "1.589724"], ["65622.30", "1.295331"], ["65619.00", "1.452340"], ["65615.70", "1.550471"]], "checksum": 1698249378, "ts": "1712099947833"}], "ts": 1712099947833, "_doc": "3a1c4a6a-b0eb-48e4-b2f4-18ccd8eaea3c"}, {"action": "update", "arg": {"instType": "SPOT", "channel": "books", "instId": "BTCUSDT"}, "data": [{"asks": [["65744.99", "0.000181"], ["65755.40", "0.409975"], ["65755.70", "0.604830"], ["65756.10", "0"], ["65758.10", "0"], ["65758.90", "0"], ["65759.40", "1.036147"], ["65762.60", "0.317523"], ["65765.10", "0.092871"], ["65773.10", "0.238109"], ["65774.10", "0.007681"], ["65774.20", "0.554083"], ["65776.70", "1.049385"], ["65777.50", "1.425129"], ["65780.80", "1.432714"], ["65780.90", "0.190090"], ["65784.10", "1.530845"], ["65787.40", "1.491593"], ["65790.70", "1.334583"], ["65794.00", "1.570098"], ["65797.30", "1.609350"], ["65800.60", "1.687855"], ["65803.90", "1.354209"], ["65807.20", "1.589724"], ["65810.50", "1.628976"], ["65813.80", "1.275704"], ["65820.40", "1.550471"], ["65823.70", "1.373835"], ["65827.00", "1.413088"], ["65830.30", "1.452340"], ["65833.60", "1.785986"], ["65836.90", "1.511219"], ["65840.20", "1.727107"], ["65843.50", "1.648602"], ["65846.80", "1.393462"], ["65850.10", "1.766360"], ["65853.40", "1.314957"], ["65856.70", "1.746734"], ["65860.00", "1.471967"], ["65863.30", "1.668229"], ["65866.60", "1.295331"], ["65869.90", "1.805612"], ["65873.20", "1.256078"]], "bids": [["65731.20", "0.935900"], ["65730.90", "0.494832"], ["65727.30", "0.057040"], ["65725.00", "0"], ["65723.40", "0.098943"], ["65722.50", "1.791128"], ["65718.60", "1.564345"], ["65718.50", "0"], ["65718.10", "2.812500"], ["65717.00", "5.000000"], ["65716.30", "0.087225"], ["65715.80", "0.425948"], ["65715.60", "0.007500"], ["65711.40", "1.413088"], ["65708.10", "1.589724"], ["65705.70", "0"], ["65704.80", "1.668229"], ["65704.30", "0"], ["65701.50", "1.727107"], ["65698.20", "1.648602"], ["65694.90", "1.511219"], ["65691.60", "1.295331"], ["65688.30", "1.707481"], ["65685.00", "1.805612"], ["65681.70", "1.334583"], ["65678.40", "1.354209"], ["65675.10", "1.275704"], ["65671.80", "1.785986"], ["65668.50", "1.471967"], ["65665.20", "1.256078"], ["65661.90", "1.550471"], ["65655.30", "1.236452"], ["65652.00", "1.628976"], ["65648.70", "1.530845"], ["65645.40", "1.432714"], ["65642.10", "1.687855"], ["65638.80", "1.570098"], ["65632.20", "1.746734"], ["65628.90", "1.491593"], ["65625.60", "1.314957"], ["65622.30", "1.609350"], ["65619.00", "1.766360"], ["65615.70", "1.393462"]], "checksum": 1305211551, "ts": "1712099947628"}], "ts": 1712099947628, "_doc": "8571ff6e-b585-4118-9207-aa6737ee2f16"}, {"action": "update", "arg": {"instType": "SPOT", "channel": "books", "instId": "BTCUSDT"}, "data": [{"asks": [["65744.99", "0.001599"], ["65755.00", "0.003750"], ["65755.10", "0.003000"], ["65755.40", "0.278625"], ["65755.70", "0.628480"], ["65756.10", "0.036238"], ["65756.60", "0"], ["65757.90", "0"], ["65758.10", "0.045600"], ["65758.80", "0"], ["65759.20", "0.150000"], ["65759.70", "0"], ["65762.90", "0.058858"], ["65764.20", "0.098097"], ["65765.10", "0.095146"], ["65765.90", "0.599886"], ["65772.90", "0.080126"], ["65773.10", "0"], ["65774.10", "0.480671"], ["65774.20", "0.611131"], ["65776.60", "0"], ["65777.50", "1.944346"], ["65777.80", "0"], ["65778.30", "0.787139"], ["65779.50", "0.036216"], ["65779.70", "0.500000"], ["65779.90", "0.084174"], ["65780.80", "1.687855"], ["65781.10", "0"], ["65784.10", "1.452340"], ["65784.40", "0"], ["65787.40", "1.295331"], ["65787.70", "0"], ["65790.70", "1.471967"], ["65791.00", "0"], ["65794.00", "1.511219"], ["65794.30", "0"], ["65797.30", "1.570098"], ["65797.60", "0"], ["65800.60", "1.727107"], ["65800.90", "0"], ["65803.90", "1.785986"], ["65804.20", "0"], ["65807.20", "1.648602"], ["65807.50", "0"], ["65810.50", "1.550471"], ["65810.80", "0"], ["65813.80", "1.668229"], ["65814.10", "0"], ["65817.10", "1.707481"], ["65817.40", "0"], ["65820.40", "1.393462"], ["65820.70", "0"], ["65823.70", "1.256078"], ["65824.00", "0"], ["65827.00", "1.373835"], ["65827.30", "0"], ["65830.30", "1.491593"], ["65830.60", "0"], ["65833.60", "1.589724"], ["65833.90", "0"], ["65836.90", "1.628976"], ["65837.20", "0"], ["65840.20", "1.432714"], ["65840.50", "0"], ["65843.50", "1.609350"], ["65843.80", "0"], ["65846.80", "1.236452"], ["65847.10", "0"], ["65850.10", "1.354209"], ["65850.40", "0"], ["65853.40", "1.766360"], ["65853.70", "0"], ["65856.70", "1.413088"], ["65857.00", "0"], ["65860.00", "1.314957"], ["65860.30", "0"], ["65863.30", "1.334583"], ["65863.60", "0"], ["65866.60", "1.530845"], ["65866.90", "0"], ["65869.90", "1.275704"], ["65870.20", "0"], ["65873.20", "1.805612"], ["65873.50", "0"], ["66454.20", "0.000034"]], "bids": [["65734.70", "0"], ["65733.90", "0.825750"], ["65733.80", "1.623400"], ["65732.30", "0.415756"], ["65728.30", "0.110949"], ["65723.40", "0.094407"], ["65722.50", "0.142426"], ["65718.50", "1.564363"], ["65718.10", "0"], ["65715.80", "1.485761"], ["65715.60", "0.480490"], ["65715.30", "0"], ["65715.20", "0"], ["65714.20", "0.019013"], ["65711.80", "0"], ["65711.40", "1.334583"], ["65708.50", "0"], ["65708.10", "1.707481"], ["65705.70", "0.055650"], ["65705.20", "0"], ["65704.80", "1.393462"], ["65704.30", "0.193986"], ["65701.90", "0"], ["65701.50", "1.628976"], ["65698.60", "0"], ["65698.20", "1.570098"], ["65695.30", "0"], ["65694.90", "1.746734"], ["65692.00", "0"], ["65691.60", "1.648602"], ["65688.70", "0"], ["65688.30", "1.550471"], ["65685.40", "0"], ["65685.00", "1.354209"], ["65682.10", "0"], ["65681.70", "1.668229"], ["65678.80", "0"], ["65678.40", "1.766360"], ["65675.50", "0"], ["65675.10", "1.511219"], ["65672.20", "0"], ["65671.80", "1.491593"], ["65668.90", "0"], ["65668.50", "1.295331"], ["65665.60", "0"], ["65665.20", "1.805612"], ["65662.30", "0"], ["65661.90", "1.432714"], ["65659.00", "0"], ["65658.60", "1.373835"], ["65655.70", "0"], ["65655.30", "1.687855"], ["65652.40", "0"], ["65652.00", "1.609350"], ["65649.10", "0"], ["65648.70", "1.785986"], ["65645.80", "0"], ["65645.40", "1.530845"], ["65642.50", "0"], ["65642.10", "1.589724"], ["65639.20", "0"], ["65638.80", "1.275704"], ["65635.90", "0"], ["65635.50", "1.452340"], ["65632.60", "0"], ["65632.20", "1.314957"], ["65629.30", "0"], ["65628.90", "1.727107"], ["65626.00", "0"], ["65625.60", "1.236452"], ["65622.70", "0"], ["65622.30", "1.471967"], ["65619.40", "0"], ["65619.00", "1.413088"], ["65616.10", "0"], ["65615.70", "1.256078"]], "checksum": -820030884, "ts": "1712099947424"}], "ts": 1712099947424, "_doc": "d770a73b-8119-4a08-987a-129f727b6cca"}, {"action": "update", "arg": {"instType": "SPOT", "channel": "books", "instId": "BTCUSDT"}, "data": [{"asks": [["65766.70", "0"], ["65775.90", "0"], ["65778.00", "0.172750"], ["65780.30", "1.219703"], ["65781.10", "1.668229"], ["65784.40", "1.471967"], ["65787.70", "1.511219"], ["65791.00", "1.295331"], ["65794.30", "1.256078"], ["65797.60", "1.805612"], ["65800.90", "1.334583"], ["65804.20", "1.413088"], ["65807.50", "1.530845"], ["65810.80", "1.628976"], ["65814.10", "1.393462"], ["65817.40", "1.570098"], ["65820.70", "1.707481"], ["65824.00", "1.354209"], ["65827.30", "1.491593"], ["65830.60", "1.550471"], ["65833.90", "1.432714"], ["65837.20", "1.236452"], ["65840.50", "1.785986"], ["65843.80", "1.746734"], ["65847.10", "1.609350"], ["65850.40", "1.275704"], ["65853.70", "1.727107"], ["65857.00", "1.373835"], ["65860.30", "1.687855"], ["65863.60", "1.589724"], ["65866.90", "1.452340"], ["65870.20", "1.766360"], ["65873.50", "1.314957"], ["66452.93", "0.000014"]], "bids": [["65730.90", "0.640977"], ["65729.30", "0.567545"], ["65728.50", "0.945908"], ["65715.00", "0"], ["65714.20", "0.067196"], ["65711.80", "1.432714"], ["65708.50", "1.491593"], ["65706.50", "0.475000"], ["65705.20", "1.785986"], ["65701.90", "1.805612"], ["65698.60", "1.334583"], ["65695.30", "1.766360"], ["65692.00", "1.648602"], ["65688.70", "1.727107"], ["65685.40", "1.628976"], ["65682.10", "1.746734"], ["65678.80", "1.609350"], ["65675.50", "1.452340"], ["65672.20", "1.668229"], ["65668.90", "1.511219"], ["65665.60", "1.354209"], ["65662.30", "1.707481"], ["65659.00", "1.275704"], ["65655.70", "1.256078"], ["65652.40", "1.314957"], ["65649.10", "1.236452"], ["65645.80", "1.413088"], ["65642.50", "1.530845"], ["65639.20", "1.550471"], ["65635.90", "1.373835"], ["65632.60", "1.471967"], ["65629.30", "1.570098"], ["65626.00", "1.295331"], ["65622.70", "1.393462"], ["65619.40", "1.687855"], ["65616.10", "1.589724"]], "checksum": -647277378, "ts": "1712099947223"}], "ts": 1712099947223, "_doc": "195f0e64-c56b-47dd-b9f4-bc704624b0ed"}, {"action": "update", "arg": {"instType": "SPOT", "channel": "books", "instId": "BTCUSDT"}, "data": [{"asks": [["65755.40", "0.442700"], ["65756.10", "0"], ["65763.70", "0"], ["65776.70", "0.992345"], ["65777.80", "1.648602"], ["65778.30", "0.760748"], ["65780.20", "0.018643"], ["65781.10", "1.570098"], ["65784.40", "1.727107"], ["65787.70", "1.314957"], ["65791.00", "1.785986"], ["65794.30", "1.687855"], ["65797.60", "1.491593"], ["65800.90", "1.236452"], ["65804.20", "1.589724"], ["65807.50", "1.707481"], ["65810.80", "1.256078"], ["65817.40", "1.530845"], ["65820.70", "1.471967"], ["65824.00", "1.628976"], ["65827.30", "1.275704"], ["65830.60", "1.452340"], ["65833.90", "1.746734"], ["65837.20", "1.432714"], ["65840.50", "1.609350"], ["65843.80", "1.295331"], ["65847.10", "1.413088"], ["65850.40", "1.805612"], ["65853.70", "1.766360"], ["65857.00", "1.550471"], ["65860.30", "1.334583"], ["65863.60", "1.373835"], ["65866.90", "1.354209"], ["65870.20", "1.393462"], ["65873.50", "1.668229"]], "bids": [["65744.98", "0.048508"], ["65733.00", "5.322043"], ["65732.90", "0"], ["65732.50", "0"], ["65731.30", "0"], ["65730.90", "0.482121"], ["65729.40", "0.190131"], ["65726.20", "0"], ["65724.50", "0.119013"], ["65724.40", "0.100000"], ["65718.50", "1.071645"], ["65718.10", "0.492708"], ["65715.70", "0"], ["65715.30", "0.302096"], ["65715.20", "0.110949"], ["65715.00", "2.500000"], ["65711.80", "1.491593"], ["65708.50", "1.295331"], ["65706.60", "1.497018"], ["65705.20", "1.432714"], ["65701.90", "1.687855"], ["65698.60", "1.314957"], ["65695.30", "1.746734"], ["65692.00", "1.373835"], ["65688.70", "1.413088"], ["65685.40", "1.570098"], ["65682.10", "1.785986"], ["65678.80", "1.393462"], ["65675.50", "1.550471"], ["65672.20", "1.727107"], ["65668.90", "1.609350"], ["65665.60", "1.530845"], ["65662.30", "1.589724"], ["65659.00", "1.256078"], ["65655.70", "1.471967"], ["65652.40", "1.766360"], ["65649.10", "1.511219"], ["65645.80", "1.236452"], ["65642.50", "1.354209"], ["65639.20", "1.668229"], ["65635.90", "1.628976"], ["65632.60", "1.275704"], ["65629.30", "1.707481"], ["65626.00", "1.805612"], ["65622.70", "1.452340"], ["65619.40", "1.648602"], ["65616.10", "1.334583"]], "checksum": -1373038969, "ts": "1712099947023"}], "ts": 1712099947023, "_doc": "56e78a7f-139c-49d2-b709-e21e51ceb31c"}, {"action": "update", "arg": {"instType": "SPOT", "channel": "books", "instId": "BTCUSDT"}, "data": [{"asks": [["65755.70", "0.664718"], ["65756.00", "0"], ["65757.10", "0.868688"], ["65758.20", "0.091243"], ["65758.50", "0"], ["65758.80", "0.885478"], ["65758.90", "1.036147"], ["65760.60", "0.100000"], ["65760.70", "0.005000"], ["65762.60", "0.012978"], ["65763.60", "0.481803"], ["65763.70", "0.100000"], ["65764.20", "0.197317"], ["65771.50", "0.024500"], ["65777.50", "0.056103"], ["65777.80", "1.393462"], ["65778.30", "0"], ["65780.80", "0"], ["65781.10", "1.275704"], ["65784.10", "0"], ["65784.40", "1.589724"], ["65787.40", "0"], ["65787.70", "1.491593"], ["65790.70", "0"], ["65791.00", "1.746734"], ["65794.00", "0"], ["65794.30", "1.256078"], ["65797.30", "0"], ["65797.60", "1.295331"], ["65800.60", "0"], ["65800.90", "1.314957"], ["65803.90", "0"], ["65804.20", "1.550471"], ["65807.20", "0"], ["65807.50", "1.334583"], ["65810.50", "0"], ["65810.80", "1.570098"], ["65813.80", "0"], ["65814.10", "1.511219"], ["65817.10", "0"], ["65817.40", "1.354209"], ["65820.40", "0"], ["65820.70", "1.373835"], ["65823.70", "0"], ["65824.00", "1.609350"], ["65827.00", "0"], ["65827.30", "1.413088"], ["65830.30", "0"], ["65830.60", "1.785986"], ["65833.60", "0"], ["65833.90", "1.687855"], ["65836.90", "0"], ["65837.20", "1.236452"], ["65840.20", "0"], ["65840.50", "1.668229"], ["65843.50", "0"], ["65843.80", "1.766360"], ["65846.80", "0"], ["65847.10", "1.432714"], ["65850.10", "0"], ["65850.40", "1.452340"], ["65853.40", "0"], ["65853.70", "1.727107"], ["65856.70", "0"], ["65857.00", "1.648602"], ["65860.00", "0"], ["65860.30", "1.707481"], ["65863.30", "0"], ["65863.60", "1.805612"], ["65866.60", "0"], ["65866.90", "1.628976"], ["65869.90", "0"], ["65870.20", "1.530845"], ["65873.20", "0"], ["65873.50", "1.471967"], ["66452.93", "0"]], "bids": [["65734.70", "0.036238"], ["65732.90", "0.484188"], ["65732.50", "0.099822"], ["65730.90", "0.299703"], ["65730.60", "0"], ["65730.50", "0.640853"], ["65730.40", "0"], ["65730.30", "0"], ["65727.00", "0.041840"], ["65726.30", "0"], ["65726.20", "0.100000"], ["65725.30", "0"], ["65724.90", "0.046412"], ["65724.40", "0.317510"], ["65724.20", "0.110949"], ["65722.60", "0.305784"], ["65721.90", "0.007681"], ["65718.50", "1.564368"], ["65718.40", "0"], ["65718.00", "0.398780"], ["65716.30", "0.125272"], ["65715.70", "2.500000"], ["65715.40", "0.057000"], ["65715.30", "0"], ["65715.20", "0"], ["65711.80", "1.589724"], ["65711.40", "0"], ["65708.50", "1.648602"], ["65708.10", "0"], ["65705.20", "1.511219"], ["65704.80", "0"], ["65701.90", "1.766360"], ["65701.50", "0"], ["65698.60", "1.628976"], ["65698.20", "0"], ["65695.30", "1.373835"], ["65694.90", "0"], ["65692.00", "1.550471"], ["65691.60", "0"], ["65688.70", "1.393462"], ["65688.30", "0"], ["65685.40", "1.805612"], ["65685.00", "0"], ["65682.10", "1.687855"], ["65681.70", "0"], ["65678.80", "1.530845"], ["65678.40", "0"], ["65675.50", "1.785986"], ["65675.10", "0"], ["65672.20", "1.275704"], ["65671.80", "0"], ["65668.90", "1.471967"], ["65668.50", "0"], ["65665.60", "1.707481"], ["65665.20", "0"], ["65662.30", "1.609350"], ["65661.90", "0"], ["65659.00", "1.334583"], ["65658.60", "0"], ["65655.70", "1.236452"], ["65655.30", "0"], ["65652.40", "1.668229"], ["65652.00", "0"], ["65649.10", "1.314957"], ["65648.70", "0"], ["65645.80", "1.432714"], ["65645.40", "0"], ["65642.50", "1.413088"], ["65642.10", "0"], ["65639.20", "1.295331"], ["65638.80", "0"], ["65635.90", "1.256078"], ["65635.50", "0"], ["65632.60", "1.354209"], ["65632.20", "0"], ["65629.30", "1.491593"], ["65628.90", "0"], ["65626.00", "1.570098"], ["65625.60", "0"], ["65622.70", "1.727107"], ["65622.30", "0"], ["65619.40", "1.452340"], ["65619.00", "0"], ["65616.10", "1.746734"], ["65615.70", "0"]], "checksum": 1022486162, "ts": "1712099946805"}], "ts": 1712099946805, "_doc": "5d660b9b-90e1-4969-9677-f3c393ac9072"}, {"action": "update", "arg": {"instType": "SPOT", "channel": "books", "instId": "BTCUSDT"}, "data": [{"asks": [["65777.50", "1.429938"], ["65780.80", "1.609350"], ["65784.10", "1.275704"], ["65787.40", "1.432714"], ["65790.70", "1.746734"], ["65794.00", "1.687855"], ["65797.30", "1.727107"], ["65800.60", "1.766360"], ["65803.90", "1.295331"], ["65807.20", "1.668229"], ["65810.50", "1.471967"], ["65813.80", "1.785986"], ["65817.10", "1.334583"], ["65823.70", "1.413088"], ["65827.00", "1.589724"], ["65830.30", "1.550471"], ["65833.60", "1.354209"], ["65836.90", "1.236452"], ["65840.20", "1.805612"], ["65843.50", "1.491593"], ["65846.80", "1.648602"], ["65850.10", "1.570098"], ["65853.40", "1.511219"], ["65856.70", "1.530845"], ["65860.00", "1.707481"], ["65863.30", "1.314957"], ["65866.60", "1.628976"], ["65869.90", "1.256078"], ["65873.20", "1.393462"]], "bids": [["65730.00", "0.172750"], ["65711.40", "1.785986"], ["65708.10", "1.570098"], ["65704.80", "1.550471"], ["65701.50", "1.805612"], ["65698.20", "1.511219"], ["65694.90", "1.256078"], ["65691.60", "1.589724"], ["65688.30", "1.334583"], ["65685.00", "1.393462"], ["65681.70", "1.471967"], ["65678.40", "1.530845"], ["65675.10", "1.766360"], ["65668.50", "1.354209"], ["65665.20", "1.687855"], ["65661.90", "1.628976"], ["65658.60", "1.707481"], ["65655.30", "1.668229"], ["65652.00", "1.609350"], ["65648.70", "1.236452"], ["65645.40", "1.295331"], ["65642.10", "1.746734"], ["65638.80", "1.727107"], ["65635.50", "1.648602"], ["65632.20", "1.373835"], ["65628.90", "1.491593"], ["65625.60", "1.413088"], ["65622.30", "1.314957"], ["65619.00", "1.432714"], ["65615.70", "1.275704"]], "checksum": 1241889173, "ts": "1712099946603"}], "ts": 1712099946603, "_doc": "716d9089-8cd8-4a55-a9e2-e372308ed765"}, {"action": "update", "arg": {"instType": "SPOT", "channel": "books", "instId": "BTCUSDT"}, "data": [{"asks": [["65755.00", "0.079750"], ["65755.10", "0.002250"], ["65755.40", "0.826200"], ["65755.50", "0"], ["65755.70", "0.628480"], ["65755.80", "0"], ["65756.50", "0"], ["65756.60", "0.076000"], ["65757.10", "0.014318"], ["65757.30", "0.152500"], ["65757.90", "0.140502"], ["65758.20", "0.076000"], ["65758.80", "0.278885"], ["65759.10", "0"], ["65759.20", "0.579318"], ["65759.70", "0.775000"], ["65761.30", "0"], ["65762.90", "0.111033"], ["65763.00", "0.076000"], ["65763.50", "0"], ["65763.60", "0.699303"], ["65764.20", "0.616732"], ["65765.60", "0"], ["65765.70", "0"], ["65766.20", "0"], ["65767.80", "0"], ["65768.10", "0"], ["65772.90", "0.572831"], ["65773.10", "0.238113"], ["65774.20", "0.118423"], ["65776.20", "0"], ["65776.60", "0.146720"], ["65776.70", "0.326273"], ["65776.80", "0"], ["65777.00", "0.475000"], ["65777.50", "1.312181"], ["65777.90", "0.218843"], ["65778.30", "0.760748"], ["65780.80", "1.413088"], ["65784.10", "1.550471"], ["65787.40", "1.668229"], ["65790.70", "1.471967"], ["65794.00", "1.334583"], ["65800.60", "1.511219"], ["65803.90", "1.393462"], ["65807.20", "1.707481"], ["65810.50", "1.766360"], ["65813.80", "1.609350"], ["65817.10", "1.805612"], ["65820.40", "1.452340"], ["65823.70", "1.373835"], ["65827.00", "1.236452"], ["65830.30", "1.785986"], ["65836.90", "1.628976"], ["65840.20", "1.314957"], ["65843.50", "1.589724"], ["65846.80", "1.727107"], ["65850.10", "1.491593"], ["65853.40", "1.275704"], ["65856.70", "1.746734"], ["65860.00", "1.354209"], ["65863.30", "1.570098"], ["65866.60", "1.687855"], ["65869.90", "1.530845"], ["65873.20", "1.295331"]], "bids": [["65733.80", "1.622650"], ["65733.40", "0.125000"], ["65733.20", "0"], ["65733.10", "0"], ["65733.00", "6.059071"], ["65732.90", "0"], ["65732.70", "0.998350"], ["65732.40", "0.274191"], ["65731.30", "0.152102"], ["65730.90", "0.451703"], ["65730.20", "0.276000"], ["65730.10", "0.162822"], ["65730.00", "0.173125"], ["65729.90", "0"], ["65729.70", "0"], ["65729.30", "0.900394"], ["65729.10", "0.035886"], ["65728.70", "0"], ["65728.50", "1.500656"], ["65727.70", "0"], ["65726.60", "0"], ["65726.30", "0.551713"], ["65725.00", "0.057040"], ["65724.60", "0"], ["65724.00", "0"], ["65723.80", "0.081000"], ["65722.70", "0.110949"], ["65722.50", "0.098282"], ["65721.10", "0.569065"], ["65720.00", "0"], ["65718.40", "1.128605"], ["65718.10", "0"], ["65718.00", "0.891485"], ["65717.10", "0"], ["65715.30", "0.302096"], ["65715.20", "0.110949"], ["65711.40", "1.687855"], ["65709.90", "0.475000"], ["65708.80", "0.711120"], ["65708.10", "1.746734"], ["65707.20", "3.312813"], ["65706.80", "0.038000"], ["65706.70", "0.012250"], ["65704.80", "1.589724"], ["65701.50", "1.256078"], ["65698.20", "1.295331"], ["65694.90", "1.570098"], ["65691.60", "1.314957"], ["65688.30", "1.413088"], ["65685.00", "1.354209"], ["65681.70", "1.668229"], ["65678.40", "1.491593"], ["65675.10", "1.609350"], ["65671.80", "1.452340"], ["65668.50", "1.707481"], ["65665.20", "1.766360"], ["65661.90", "1.511219"], ["65658.60", "1.805612"], ["65655.30", "1.373835"], ["65652.00", "1.727107"], ["65648.70", "1.628976"], ["65645.40", "1.785986"], ["65642.10", "1.648602"], ["65638.80", "1.393462"], ["65635.50", "1.550471"], ["65632.20", "1.432714"], ["65628.90", "1.236452"], ["65625.60", "1.334583"], ["65622.30", "1.471967"]], "checksum": -1445306581, "ts": "1712099946384"}], "ts": 1712099946384, "_doc": "f5666263-e2a9-45eb-9774-e9862b90702a"}, {"action": "update", "arg": {"instType": "SPOT", "channel": "books", "instId": "BTCUSDT"}, "data": [{"asks": [["65763.70", "0.115243"], ["65770.20", "0.278870"], ["65776.70", "1.564293"], ["65776.80", "0.036280"], ["65777.50", "1.645827"], ["65777.90", "0"], ["65780.80", "1.334583"], ["65784.10", "1.530845"], ["65787.40", "1.393462"], ["65790.70", "1.452340"], ["65794.00", "1.746734"], ["65797.30", "1.648602"], ["65800.60", "1.354209"], ["65803.90", "1.550471"], ["65807.20", "1.687855"], ["65810.50", "1.805612"], ["65813.80", "1.707481"], ["65817.10", "1.628976"], ["65820.40", "1.413088"], ["65827.00", "1.785986"], ["65830.30", "1.275704"], ["65836.90", "1.314957"], ["65840.20", "1.236452"], ["65843.50", "1.511219"], ["65846.80", "1.373835"], ["65850.10", "1.295331"], ["65853.40", "1.256078"], ["65856.70", "1.471967"], ["65860.00", "1.609350"], ["65863.30", "1.766360"], ["65866.60", "1.491593"], ["65869.90", "1.668229"], ["65873.20", "1.727107"]], "bids": [["65733.00", "7.394549"], ["65711.40", "1.432714"], ["65708.10", "1.570098"], ["65704.80", "1.805612"], ["65701.50", "1.511219"], ["65694.90", "1.687855"], ["65691.60", "1.413088"], ["65685.00", "1.256078"], ["65681.70", "1.471967"], ["65678.40", "1.648602"], ["65675.10", "1.785986"], ["65671.80", "1.668229"], ["65668.50", "1.452340"], ["65665.20", "1.609350"], ["65661.90", "1.707481"], ["65658.60", "1.550471"], ["65655.30", "1.746734"], ["65652.00", "1.393462"], ["65648.70", "1.314957"], ["65645.40", "1.373835"], ["65642.10", "1.295331"], ["65638.80", "1.236452"], ["65635.50", "1.589724"], ["65632.20", "1.727107"], ["65628.90", "1.766360"], ["65625.60", "1.628976"], ["65622.30", "1.334583"], ["65619.00", "1.275704"], ["65615.70", "1.530845"]], "checksum": 1307071602, "ts": "1712099946177"}], "ts": 1712099946177, "_doc": "c9c7e10a-1b22-4d47-99e0-cd69a06d21d8"}, {"action": "update", "arg": {"instType": "SPOT", "channel": "books", "instId": "BTCUSDT"}, "data": [{"asks": [["65755.50", "0.380125"], ["65763.50", "1.036147"], ["65763.70", "0.015243"], ["65766.20", "0.076000"], ["65776.70", "0.492690"], ["65776.80", "1.107893"], ["65777.50", "1.567322"], ["65778.00", "0.000297"], ["65778.10", "0"], ["65778.30", "0"], ["65779.40", "0"], ["65780.80", "1.413088"], ["65784.10", "1.668229"], ["65787.40", "1.236452"], ["65790.70", "1.256078"], ["65794.00", "1.471967"], ["65797.30", "1.609350"], ["65800.60", "1.727107"], ["65803.90", "1.687855"], ["65807.20", "1.393462"], ["65810.50", "1.766360"], ["65813.43", "0.000900"], ["65813.80", "1.746734"], ["65817.10", "1.373835"], ["65820.40", "1.354209"], ["65823.70", "1.570098"], ["65827.00", "1.491593"], ["65830.30", "1.785986"], ["65833.60", "1.432714"], ["65836.90", "1.628976"], ["65840.20", "1.275704"], ["65843.50", "1.334583"], ["65846.80", "1.707481"], ["65850.10", "1.314957"], ["65853.40", "1.295331"], ["65856.70", "1.452340"], ["65860.00", "1.805612"], ["65863.30", "1.589724"], ["65866.60", "1.550471"], ["65869.90", "1.530845"], ["65873.20", "1.648602"], ["66454.20", "0"], ["66454.54", "0"]], "bids": [["65733.20", "0.001033"], ["65733.00", "8.260810"], ["65729.60", "1.084332"], ["65726.20", "0.107680"], ["65711.40", "1.471967"], ["65710.80", "0.000900"], ["65709.90", "0"], ["65708.10", "1.609350"], ["65704.80", "1.766360"], ["65701.50", "1.746734"], ["65698.20", "1.354209"], ["65694.90", "1.236452"], ["65691.60", "1.785986"], ["65688.30", "1.491593"], ["65685.00", "1.393462"], ["65681.70", "1.570098"], ["65678.40", "1.256078"], ["65675.10", "1.628976"], ["65671.80", "1.432714"], ["65668.50", "1.373835"], ["65665.20", "1.413088"], ["65661.90", "1.452340"], ["65658.60", "1.648602"], ["65655.30", "1.511219"], ["65652.00", "1.295331"], ["65648.70", "1.727107"], ["65645.40", "1.314957"], ["65642.10", "1.334583"], ["65638.80", "1.530845"], ["65635.50", "1.707481"], ["65632.20", "1.805612"], ["65628.90", "1.275704"], ["65625.60", "1.589724"], ["65622.30", "1.668229"], ["65619.00", "1.550471"], ["65615.70", "1.687855"], ["64954.37", "0"]], "checksum": -1247325859, "ts": "1712099945955"}], "ts": 1712099945955, "_doc": "6aa04e09-9b2d-41d0-8590-55a92e07bd45"}, {"action": "update", "arg": {"instType": "SPOT", "channel": "books", "instId": "BTCUSDT"}, "data": [{"asks": [["65777.50", "1.861715"], ["65780.80", "1.530845"], ["65784.10", "1.785986"], ["65787.40", "1.746734"], ["65790.70", "1.570098"], ["65794.00", "1.354209"], ["65797.30", "1.373835"], ["65800.60", "1.295331"], ["65807.20", "1.707481"], ["65810.50", "1.471967"], ["65813.80", "1.550471"], ["65817.10", "1.628976"], ["65820.40", "1.727107"], ["65823.70", "1.589724"], ["65827.00", "1.393462"], ["65830.30", "1.491593"], ["65836.90", "1.413088"], ["65840.20", "1.334583"], ["65843.50", "1.275704"], ["65846.80", "1.452340"], ["65850.10", "1.256078"], ["65853.40", "1.648602"], ["65860.00", "1.766360"], ["65863.30", "1.668229"], ["65866.60", "1.236452"], ["65869.90", "1.432714"], ["65873.20", "1.687855"]], "bids": [["65729.10", "0.084726"], ["65729.00", "0.380373"], ["65711.40", "1.491593"], ["65708.10", "1.589724"], ["65704.80", "1.530845"], ["65701.50", "1.256078"], ["65698.20", "1.236452"], ["65694.90", "1.471967"], ["65691.60", "1.393462"], ["65685.00", "1.550471"], ["65681.70", "1.648602"], ["65678.40", "1.452340"], ["65675.10", "1.707481"], ["65671.80", "1.570098"], ["65668.50", "1.785986"], ["65661.90", "1.746734"], ["65658.60", "1.668229"], ["65652.00", "1.314957"], ["65648.70", "1.609350"], ["65645.40", "1.511219"], ["65642.10", "1.766360"], ["65638.80", "1.727107"], ["65635.50", "1.687855"], ["65632.20", "1.373835"], ["65625.60", "1.432714"], ["65622.30", "1.334583"], ["65619.00", "1.354209"], ["65615.70", "1.413088"]], "checksum": 1787997272, "ts": "1712099945760"}], "ts": 1712099945760, "_doc": "18ad2910-603e-4a79-b635-041f86e30633"}, {"action": "update", "arg": {"instType": "SPOT", "channel": "books", "instId": "BTCUSDT"}, "data": [{"asks": [["65754.40", "0"], ["65754.50", "0"], ["65754.60", "0"], ["65754.90", "0.002250"], ["65755.00", "0.003750"], ["65755.10", "0.003000"], ["65755.40", "0.152250"], ["65757.10", "0.388069"], ["65758.50", "0.380373"], ["65759.10", "0.522010"], ["65760.40", "0.125000"], ["65760.70", "0.105000"], ["65761.80", "0"], ["65762.80", "0"], ["65763.40", "0.200000"], ["65763.60", "0.470800"], ["65763.70", "0.140243"], ["65764.30", "0.045930"], ["65764.60", "0.076000"], ["65764.90", "0.271024"], ["65765.50", "0"], ["65766.80", "0.045445"], ["65767.80", "0.076000"], ["65772.90", "0.080126"], ["65773.50", "0"], ["65774.40", "1.048800"], ["65776.80", "1.564301"], ["65776.90", "0.150000"], ["65777.20", "0"], ["65777.30", "0"], ["65777.50", "1.547696"], ["65779.50", "0"], ["65779.70", "0"], ["65779.90", "0"], ["65780.20", "0"], ["65780.30", "0"], ["65780.50", "0"], ["65780.80", "1.727107"], ["65780.90", "0"], ["65781.00", "0"], ["65783.80", "0"], ["65784.10", "1.432714"], ["65787.10", "0"], ["65787.40", "1.393462"], ["65790.40", "0"], ["65790.70", "1.530845"], ["65793.70", "0"], ["65794.00", "1.805612"], ["65797.00", "0"], ["65797.30", "1.471967"], ["65800.30", "0"], ["65800.60", "1.275704"], ["65803.60", "0"], ["65803.90", "1.511219"], ["65806.90", "0"], ["65807.20", "1.373835"], ["65810.20", "0"], ["65810.50", "1.452340"], ["65813.50", "0"], ["65813.80", "1.413088"], ["65816.80", "0"], ["65817.10", "1.295331"], ["65820.10", "0"], ["65820.40", "1.766360"], ["65823.40", "0"], ["65823.70", "1.628976"], ["65826.70", "0"], ["65827.00", "1.334583"], ["65830.00", "0"], ["65830.30", "1.550471"], ["65833.30", "0"], ["65833.60", "1.609350"], ["65836.60", "0"], ["65836.90", "1.785986"], ["65839.90", "0"], ["65840.20", "1.354209"], ["65843.20", "0"], ["65843.50", "1.570098"], ["65846.50", "0"], ["65846.80", "1.668229"], ["65849.80", "0"], ["65850.10", "1.648602"], ["65853.10", "0"], ["65853.40", "1.589724"], ["65856.40", "0"], ["65856.70", "1.314957"], ["65859.70", "0"], ["65860.00", "1.687855"], ["65863.00", "0"], ["65863.30", "1.746734"], ["65866.30", "0"], ["65866.60", "1.707481"], ["65869.60", "0"], ["65869.90", "1.256078"], ["65872.90", "0"], ["65873.20", "1.236452"], ["66454.54", "0.000127"]], "bids": [["65734.00", "22.815474"], ["65733.00", "7.394549"], ["65732.80", "0.729977"], ["65732.50", "0.162822"], ["65732.30", "0.830762"], ["65730.90", "0.299703"], ["65730.50", "1.076753"], ["65730.20", "0.526000"], ["65729.60", "0.635616"], ["65728.60", "0.076000"], ["65728.50", "2.275656"], ["65728.20", "0"], ["65728.10", "0"], ["65728.00", "0"], ["65727.90", "0"], ["65726.60", "0.044541"], ["65724.60", "0.958858"], ["65724.20", "0.156387"], ["65723.80", "1.277273"], ["65723.70", "0.025000"], ["65721.10", "2.821392"], ["65720.00", "5.000000"], ["65719.90", "0.012250"], ["65718.40", "0.549688"], ["65718.10", "0.103665"], ["65718.00", "0.398780"], ["65717.70", "0"], ["65717.10", "0.152500"], ["65715.60", "0.007500"], ["65715.30", "0"], ["65715.20", "0"], ["65714.20", "0.019013"], ["65714.10", "0"], ["65711.40", "1.530845"], ["65711.20", "0"], ["65709.90", "0.475000"], ["65708.10", "1.550471"], ["65707.90", "0"], ["65704.80", "1.707481"], ["65704.60", "0"], ["65701.50", "1.236452"], ["65701.30", "0"], ["65698.20", "1.452340"], ["65698.00", "0"], ["65694.90", "1.687855"], ["65694.70", "0"], ["65691.60", "1.334583"], ["65691.40", "0"], ["65688.30", "1.275704"], ["65688.10", "0"], ["65685.00", "1.471967"], ["65684.80", "0"], ["65681.70", "1.256078"], ["65681.50", "0"], ["65678.40", "1.373835"], ["65678.20", "0"], ["65675.10", "1.354209"], ["65674.90", "0"], ["65671.80", "1.314957"], ["65671.60", "0"], ["65668.50", "1.648602"], ["65668.30", "0"], ["65665.20", "1.628976"], ["65665.00", "0"], ["65661.90", "1.432714"], ["65661.70", "0"], ["65658.60", "1.589724"], ["65658.40", "0"], ["65655.30", "1.295331"], ["65655.10", "0"], ["65652.00", "1.511219"], ["65651.80", "0"], ["65648.70", "1.570098"], ["65648.50", "0"], ["65645.40", "1.609350"], ["65645.20", "0"], ["65642.10", "1.746734"], ["65641.90", "0"], ["65638.80", "1.766360"], ["65638.60", "0"], ["65635.50", "1.491593"], ["65635.30", "0"], ["65632.20", "1.413088"], ["65632.00", "0"], ["65628.90", "1.805612"], ["65628.70", "0"], ["65625.60", "1.668229"], ["65625.40", "0"], ["65622.30", "1.727107"], ["65622.10", "0"], ["65619.00", "1.393462"], ["65618.80", "0"], ["65615.70", "1.785986"], ["65615.50", "0"]], "checksum": 1787997272, "ts": "1712099945523"}], "ts": 1712099945523, "_doc": "c60776df-6103-40a7-bbab-1582059f17d8"}, {"action": "update", "arg": {"instType": "SPOT", "channel": "books", "instId": "BTCUSDT"}, "data": [{"asks": [["65755.60", "0"], ["65755.70", "0.026440"], ["65756.00", "0.036280"], ["65756.10", "0.152102"], ["65756.50", "0.036880"], ["65756.90", "0"], ["65758.20", "0"], ["65759.20", "0"], ["65761.10", "0.019013"], ["65761.30", "0.149250"], ["65762.60", "0"], ["65763.00", "0"], ["65763.10", "0"], ["65763.40", "0"], ["65763.70", "0.015243"], ["65765.40", "0"], ["65765.60", "0.056086"], ["65765.70", "0.093477"], ["65765.90", "1.375892"], ["65766.70", "2.165219"], ["65766.90", "0.057018"], ["65767.00", "0.380062"], ["65767.40", "0.012200"], ["65768.10", "0.012978"], ["65768.90", "0"], ["65769.20", "0"], ["65769.70", "0.120000"], ["65769.80", "0.298715"], ["65769.90", "0"], ["65770.20", "0"], ["65771.00", "0.038016"], ["65772.90", "0.007568"], ["65773.50", "1.048800"], ["65774.20", "0.061383"], ["65774.40", "0"], ["65774.50", "0"], ["65775.50", "0.012250"], ["65776.80", "0.492688"], ["65776.90", "1.221603"], ["65777.00", "0.057040"], ["65777.20", "1.786000"], ["65777.50", "0.056103"], ["65777.60", "1.058140"], ["65777.80", "0"], ["65777.90", "0.218843"], ["65778.10", "0.141448"], ["65780.10", "0"], ["65780.30", "1.153083"], ["65780.50", "1.393472"], ["65781.00", "0.503978"], ["65781.50", "0"], ["65782.00", "0"], ["65782.10", "0"], ["65782.70", "0"], ["65783.80", "1.413099"], ["65787.10", "1.766373"], ["65790.40", "1.589736"], ["65793.70", "1.491604"], ["65797.00", "1.707494"], ["65800.30", "1.471978"], ["65810.20", "1.354220"], ["65813.50", "1.668242"], ["65816.80", "1.295341"], ["65820.10", "1.687868"], ["65823.40", "1.609362"], ["65826.70", "1.550483"], ["65830.00", "1.511231"], ["65833.30", "1.373846"], ["65836.60", "1.275714"], ["65839.90", "1.746747"], ["65843.20", "1.236462"], ["65846.50", "1.432725"], ["65849.80", "1.314967"], ["65856.40", "1.805626"], ["65859.70", "1.628989"], ["65863.00", "1.256088"], ["65866.30", "1.727121"], ["65869.60", "1.570110"], ["65872.90", "1.334593"]], "bids": [["65744.98", "0.049268"], ["65734.01", "0.001132"], ["65733.20", "0"], ["65733.10", "0.152000"], ["65733.01", "0"], ["65733.00", "5.534280"], ["65732.90", "0.152102"], ["65732.80", "0.829977"], ["65730.90", "0.208146"], ["65730.80", "0"], ["65730.10", "0.717569"], ["65730.00", "0.284025"], ["65729.40", "0.038029"], ["65727.80", "0"], ["65727.70", "0.057040"], ["65727.40", "0"], ["65727.00", "0.076000"], ["65726.40", "0"], ["65725.90", "0.063000"], ["65725.70", "0"], ["65725.20", "0.007606"], ["65724.20", "0.110949"], ["65724.10", "0"], ["65724.00", "0.090800"], ["65723.90", "0.300000"], ["65723.70", "0"], ["65722.90", "0.500000"], ["65719.00", "0"], ["65718.40", "0"], ["65717.70", "0.057000"], ["65717.50", "0"], ["65717.10", "0"], ["65715.60", "0.480478"], ["65715.50", "1.539526"], ["65715.40", "0"], ["65714.20", "0.067196"], ["65714.00", "0.016069"], ["65713.30", "0.056708"], ["65713.10", "0.577500"], ["65711.20", "1.275714"], ["65710.70", "2.883355"], ["65710.60", "0.550000"], ["65710.40", "1.394430"], ["65707.90", "1.530857"], ["65704.60", "1.766373"], ["65701.30", "1.452352"], ["65698.00", "1.687868"], ["65694.70", "1.432725"], ["65691.40", "1.314967"], ["65688.10", "1.334593"], ["65684.80", "1.727121"], ["65681.50", "1.373846"], ["65678.20", "1.589736"], ["65674.90", "1.786000"], ["65671.60", "1.570110"], ["65668.30", "1.707494"], ["65665.00", "1.354220"], ["65661.70", "1.609362"], ["65658.40", "1.236462"], ["65655.10", "1.746747"], ["65651.80", "1.471978"], ["65648.50", "1.295341"], ["65645.20", "1.628989"], ["65641.90", "1.648615"], ["65638.60", "1.805626"], ["65636.73", "0.000190"], ["65635.30", "1.550483"], ["65632.00", "1.413099"], ["65628.70", "1.491604"], ["65625.40", "1.668242"], ["65622.10", "1.256088"], ["65618.80", "1.511231"], ["65615.50", "1.393472"], ["64954.16", "0"]], "checksum": 2043407482, "ts": "1712099945288"}], "ts": 1712099945288, "_doc": "15ef4742-f2a4-4fa6-ae89-f185d52a9973"}, {"action": "update", "arg": {"instType": "SPOT", "channel": "books", "instId": "BTCUSDT"}, "data": [{"asks": [["65754.00", "0"], ["65754.10", "0"], ["65754.20", "0"], ["65754.40", "0.011125"], ["65754.50", "0.002250"], ["65754.60", "0.002250"], ["65754.80", "0"], ["65754.90", "0"], ["65755.00", "0"], ["65755.40", "0"], ["65755.70", "0.186410"], ["65755.80", "0.036280"], ["65756.70", "0"], ["65756.80", "0"], ["65756.90", "0.036878"], ["65757.10", "0.014318"], ["65757.50", "0"], ["65757.80", "0"], ["65758.20", "0.076000"], ["65760.80", "0"], ["65761.60", "0"], ["65761.80", "0.271024"], ["65762.80", "0.150000"], ["65763.70", "0.209823"], ["65765.00", "0.380373"], ["65765.40", "0.092076"], ["65765.50", "0.125000"], ["65765.60", "0"], ["65765.80", "5.382696"], ["65767.60", "2.288268"], ["65768.20", "0.190125"], ["65768.60", "0"], ["65768.90", "2.245000"], ["65769.10", "0"], ["65769.90", "0.090000"], ["65770.10", "0"], ["65770.20", "0.316886"], ["65770.50", "0.150000"], ["65771.20", "0"], ["65771.30", "0.380373"], ["65771.40", "0"], ["65771.80", "1.140963"], ["65771.90", "3.057900"], ["65772.80", "0"], ["65772.90", "1.056318"], ["65773.00", "1.394430"], ["65773.80", "0"], ["65774.00", "0.086928"], ["65774.20", "0.492700"], ["65774.90", "0.025000"], ["65775.00", "0"], ["65775.90", "0.135476"], ["65776.20", "0.472990"], ["65776.60", "0"], ["65777.20", "1.589736"], ["65777.30", "0.112796"], ["65777.80", "0.130703"], ["65777.90", "0"], ["65778.30", "0.787139"], ["65779.10", "0"], ["65779.40", "0.108402"], ["65779.90", "0.026901"], ["65780.30", "0.653083"], ["65780.50", "1.511231"], ["65780.90", "0.190090"], ["65781.00", "2.404078"], ["65781.50", "0.190090"], ["65782.00", "0.775000"], ["65782.10", "0.526478"], ["65782.70", "0.082218"], ["65783.20", "0"], ["65783.80", "1.314967"], ["65786.50", "0"], ["65787.10", "1.373846"], ["65789.80", "0"], ["65790.40", "1.786000"], ["65793.10", "0"], ["65793.70", "1.805626"], ["65796.40", "0"], ["65797.00", "1.471978"], ["65799.70", "0"], ["65800.30", "1.354220"], ["65803.00", "0"], ["65803.60", "1.530857"], ["65806.30", "0"], ["65806.90", "1.648615"], ["65809.60", "0"], ["65810.20", "1.236462"], ["65812.90", "0"], ["65813.50", "1.570110"], ["65816.20", "0"], ["65816.80", "1.668242"], ["65819.50", "0"], ["65820.10", "1.628989"], ["65822.80", "0"], ["65823.40", "1.491604"], ["65826.10", "0"], ["65826.70", "1.766373"], ["65829.40", "0"], ["65830.00", "1.609362"], ["65832.70", "0"], ["65833.30", "1.432725"], ["65836.00", "0"], ["65836.60", "1.707494"], ["65839.30", "0"], ["65839.90", "1.275714"], ["65842.60", "0"], ["65843.20", "1.413099"], ["65845.90", "0"], ["65846.50", "1.746747"], ["65849.20", "0"], ["65849.80", "1.550483"], ["65852.50", "0"], ["65853.10", "1.452352"], ["65855.80", "0"], ["65856.40", "1.334593"], ["65859.10", "0"], ["65859.70", "1.393472"], ["65862.40", "0"], ["65863.00", "1.727121"], ["65865.70", "0"], ["65866.30", "1.256088"], ["65869.00", "0"], ["65869.60", "1.295341"], ["65872.30", "0"], ["65872.90", "1.687868"], ["66454.54", "0"]], "bids": [["65734.00", "22.815649"], ["65733.90", "0.825000"], ["65733.80", "1.415680"], ["65733.20", "0.217510"], ["65733.01", "0.001132"], ["65733.00", "5.610134"], ["65732.30", "3.758278"], ["65732.20", "1.131775"], ["65731.20", "1.011900"], ["65730.90", "0.957541"], ["65730.40", "0.019000"], ["65730.30", "0.007681"], ["65730.20", "0.450000"], ["65729.90", "0.760500"], ["65729.10", "0.520626"], ["65729.00", "0.752561"], ["65727.80", "0.879775"], ["65727.00", "0.342750"], ["65726.10", "0"], ["65726.00", "0.508863"], ["65725.90", "0.445775"], ["65725.80", "0.110949"], ["65725.30", "0.007681"], ["65725.20", "0.064647"], ["65724.60", "0.858858"], ["65724.50", "0.019013"], ["65723.80", "1.315411"], ["65723.70", "0.093527"], ["65723.50", "0.019013"], ["65722.20", "0.038270"], ["65721.10", "0.569065"], ["65719.00", "0.076000"], ["65718.40", "0.033562"], ["65718.00", "0.891485"], ["65717.00", "0"], ["65715.90", "0.012250"], ["65715.40", "0.474490"], ["65714.40", "1.508148"], ["65714.20", "0.048183"], ["65714.00", "0"], ["65713.30", "0"], ["65713.20", "0"], ["65713.10", "0"], ["65711.50", "0"], ["65711.20", "1.766373"], ["65710.70", "0"], ["65710.60", "0"], ["65710.40", "0"], ["65709.90", "0"], ["65707.90", "1.236462"], ["65707.30", "0"], ["65704.60", "1.275714"], ["65704.00", "0"], ["65701.30", "1.668242"], ["65700.70", "0"], ["65698.00", "1.511231"], ["65697.40", "0"], ["65694.70", "1.589736"], ["65694.10", "0"], ["65691.40", "1.786000"], ["65690.80", "0"], ["65688.10", "1.648615"], ["65687.50", "0"], ["65684.80", "1.432725"], ["65684.20", "0"], ["65681.50", "1.452352"], ["65680.90", "0"], ["65678.20", "1.295341"], ["65677.60", "0"], ["65674.90", "1.687868"], ["65674.30", "0"], ["65671.60", "1.471978"], ["65671.00", "0"], ["65668.30", "1.393472"], ["65667.70", "0"], ["65665.00", "1.727121"], ["65664.40", "0"], ["65661.70", "1.256088"], ["65661.10", "0"], ["65658.40", "1.530857"], ["65657.80", "0"], ["65655.10", "1.413099"], ["65654.50", "0"], ["65651.80", "1.805626"], ["65651.20", "0"], ["65648.50", "1.628989"], ["65647.90", "0"], ["65645.20", "1.550483"], ["65644.60", "0"], ["65641.90", "1.707494"], ["65641.30", "0"], ["65638.60", "1.609362"], ["65638.00", "0"], ["65635.30", "1.334593"], ["65634.70", "0"], ["65632.00", "1.354220"], ["65631.40", "0"], ["65630.66", "0"], ["65628.70", "1.314967"], ["65628.10", "0"], ["65625.40", "1.373846"], ["65624.80", "0"], ["65622.10", "1.746747"], ["65621.50", "0"], ["65618.80", "1.570110"], ["65618.20", "0"], ["65615.50", "1.491604"], ["65614.90", "0"], ["64953.49", "0"]], "checksum": -1246461537, "ts": "1712099945084"}], "ts": 1712099945084, "_doc": "d9b80884-0746-423d-a42c-19251a0e27eb"}, {"action": "update", "arg": {"instType": "SPOT", "channel": "books", "instId": "BTCUSDT"}, "data": [{"asks": [["65751.20", "0"], ["65751.30", "0"], ["65752.30", "0"], ["65752.40", "0"], ["65752.60", "0"], ["65753.10", "0"], ["65753.90", "0"], ["65754.00", "0.172950"], ["65754.10", "0.384875"], ["65754.20", "0.001500"], ["65754.40", "0.086125"], ["65754.50", "0"], ["65754.80", "0.380125"], ["65755.60", "0.152102"], ["65755.70", "0.276005"], ["65756.10", "0"], ["65756.20", "0"], ["65756.60", "0"], ["65756.80", "0.019015"], ["65757.10", "0.021905"], ["65757.60", "0"], ["65757.80", "0.152500"], ["65757.90", "0"], ["65758.80", "0"], ["65759.20", "0.150000"], ["65759.30", "0.250000"], ["65759.80", "0.076000"], ["65760.80", "0.380373"], ["65760.90", "0"], ["65761.40", "0.076000"], ["65761.60", "0.388978"], ["65762.10", "0"], ["65762.20", "0"], ["65762.60", "0.129423"], ["65763.00", "0.228049"], ["65763.10", "0.100178"], ["65763.30", "0"], ["65763.40", "0.380082"], ["65763.90", "0"], ["65764.70", "0"], ["65765.30", "0"], ["65765.50", "0.087028"], ["65765.60", "1.140963"], ["65766.00", "0.172750"], ["65766.10", "0.500000"], ["65766.30", "0.775000"], ["65766.90", "0"], ["65767.10", "0"], ["65767.30", "0"], ["65767.40", "0.023203"], ["65767.50", "0"], ["65767.60", "2.257823"], ["65767.90", "0"], ["65768.00", "1.140963"], ["65768.20", "0.215125"], ["65768.30", "0.190125"], ["65768.60", "0.200000"], ["65768.70", "0"], ["65769.20", "0.100000"], ["65769.40", "0"], ["65769.60", "0"], ["65769.90", "0"], ["65770.00", "0.172750"], ["65770.20", "0.038017"], ["65770.30", "0.193905"], ["65770.80", "0"], ["65771.20", "0.025000"], ["65771.80", "0"], ["65772.00", "0.168353"], ["65772.20", "0"], ["65772.30", "0"], ["65772.80", "0.007680"], ["65773.00", "1.887135"], ["65773.10", "0"], ["65773.20", "0.684578"], ["65773.70", "1.140963"], ["65773.80", "0.037423"], ["65773.90", "0"], ["65774.00", "0.086650"], ["65774.10", "0.007681"], ["65774.20", "0.785748"], ["65774.40", "0.500000"], ["65774.50", "0.057040"], ["65775.00", "0.472998"], ["65775.20", "0.570428"], ["65775.30", "1.505795"], ["65776.30", "0.133119"], ["65776.60", "1.393490"], ["65776.90", "0.476268"], ["65777.00", "0"], ["65777.10", "0"], ["65777.40", "0"], ["65777.60", "1.508140"], ["65777.90", "0.148786"], ["65778.90", "0"], ["65779.10", "0.019013"], ["65779.90", "1.538151"], ["65780.10", "0.117375"], ["65780.20", "0.028831"], ["65780.30", "0.331641"], ["65780.50", "1.900050"], ["65780.70", "0"], ["65783.20", "1.746769"], ["65784.00", "0"], ["65786.50", "1.589756"], ["65787.30", "0"], ["65789.80", "1.471996"], ["65790.60", "0"], ["65793.10", "1.432743"], ["65793.90", "0"], ["65796.40", "1.354237"], ["65797.20", "0"], ["65799.70", "1.668262"], ["65800.50", "0"], ["65803.00", "1.236477"], ["65803.80", "0"], ["65806.30", "1.491623"], ["65807.10", "0"], ["65809.60", "1.295357"], ["65810.40", "0"], ["65812.90", "1.275730"], ["65813.70", "0"], ["65816.20", "1.373863"], ["65817.00", "0"], ["65819.50", "1.648636"], ["65820.30", "0"], ["65822.80", "1.805649"], ["65823.60", "0"], ["65826.10", "1.334610"], ["65826.90", "0"], ["65829.40", "1.707516"], ["65830.20", "0"], ["65832.70", "1.550503"], ["65833.50", "0"], ["65836.00", "1.609383"], ["65836.80", "0"], ["65839.30", "1.413117"], ["65840.10", "0"], ["65842.60", "1.314983"], ["65843.40", "0"], ["65845.90", "1.256104"], ["65846.70", "0"], ["65849.20", "1.570129"], ["65850.00", "0.000334"], ["65852.50", "1.786022"], ["65853.30", "0"], ["65855.80", "1.452370"], ["65856.60", "0"], ["65859.10", "1.727142"], ["65859.90", "0"], ["65862.40", "1.766396"], ["65863.20", "0"], ["65865.70", "1.629009"], ["65866.50", "0"], ["65869.00", "1.687889"], ["65869.80", "0"], ["65872.30", "1.530876"], ["66454.74", "0"]], "bids": [["65744.98", "0.048508"], ["65733.20", "0.701700"], ["65733.00", "5.010134"], ["65732.80", "0.176000"], ["65732.70", "0.554525"], ["65732.50", "0.812822"], ["65732.20", "1.608625"], ["65731.80", "0.076000"], ["65731.20", "2.505500"], ["65730.80", "0.152102"], ["65730.70", "0"], ["65730.20", "1.070541"], ["65729.30", "0"], ["65729.20", "0.400000"], ["65729.10", "0.495900"], ["65729.00", "2.030200"], ["65728.60", "0.630525"], ["65728.54", "0"], ["65728.53", "0"], ["65728.52", "0"], ["65728.51", "0"], ["65728.50", "2.600656"], ["65728.00", "0.083675"], ["65727.50", "0.380173"], ["65727.30", "0"], ["65727.10", "0.008087"], ["65726.50", "0"], ["65726.20", "0.007680"], ["65726.10", "0.294725"], ["65726.00", "1.049595"], ["65725.70", "0.038031"], ["65725.60", "0.029579"], ["65725.30", "0.207681"], ["65725.20", "0.057040"], ["65725.10", "0"], ["65725.00", "0"], ["65724.80", "0"], ["65724.70", "0"], ["65724.60", "0.885463"], ["65724.30", "0.097900"], ["65724.20", "0.211677"], ["65724.00", "0.640853"], ["65723.80", "1.482953"], ["65723.00", "0"], ["65722.90", "1.084332"], ["65720.30", "0"], ["65719.10", "0"], ["65718.40", "0.112170"], ["65718.00", "0.725480"], ["65717.50", "0.057000"], ["65717.40", "0.114752"], ["65717.10", "0.152500"], ["65717.00", "1.071640"], ["65715.80", "0.425948"], ["65715.30", "0.302096"], ["65714.40", "0.475000"], ["65714.30", "0.185925"], ["65714.20", "0.095817"], ["65714.00", "0.172750"], ["65713.30", "0.469567"], ["65713.20", "0.380256"], ["65712.70", "0"], ["65711.60", "0"], ["65711.20", "0"], ["65711.00", "0"], ["65710.60", "1.806104"], ["65710.50", "0"], ["65710.20", "0"], ["65709.90", "0.475000"], ["65708.00", "0"], ["65707.80", "0"], ["65707.30", "1.805649"], ["65707.20", "0"], ["65706.70", "0"], ["65706.50", "0"], ["65705.70", "0"], ["65704.70", "0"], ["65704.00", "1.530876"], ["65701.40", "0"], ["65700.70", "1.589756"], ["65698.10", "0"], ["65697.40", "1.334610"], ["65694.80", "0"], ["65694.10", "1.629009"], ["65691.50", "0"], ["65690.80", "1.432743"], ["65688.20", "0"], ["65687.50", "1.511250"], ["65684.90", "0"], ["65684.20", "1.373863"], ["65681.60", "0"], ["65680.90", "1.275730"], ["65678.30", "0"], ["65677.60", "1.413117"], ["65675.00", "0"], ["65674.30", "1.295357"], ["65671.70", "0"], ["65671.00", "1.609383"], ["65668.40", "0"], ["65667.70", "1.727142"], ["65665.10", "0"], ["65664.40", "1.393490"], ["65661.80", "0"], ["65661.10", "1.766396"], ["65658.50", "0"], ["65657.80", "1.707516"], ["65655.20", "0"], ["65654.50", "1.354237"], ["65651.90", "0"], ["65651.20", "1.550503"], ["65648.60", "0"], ["65647.90", "1.314983"], ["65645.30", "0"], ["65644.60", "1.746769"], ["65642.00", "0"], ["65641.30", "1.570129"], ["65638.70", "0"], ["65638.00", "1.648636"], ["65635.40", "0"], ["65634.70", "1.236477"], ["65632.10", "0"], ["65631.40", "1.687889"], ["65628.80", "0"], ["65628.10", "1.471996"], ["65625.50", "0"], ["65624.80", "1.491623"], ["65622.20", "0"], ["65621.50", "1.786022"], ["65618.90", "0"], ["65618.20", "1.452370"], ["65615.60", "0"], ["65614.90", "1.668262"], ["65612.30", "0"], ["64956.73", "0.000029"], ["64956.52", "0.000176"], ["64954.37", "0.000018"], ["64954.16", "0.000040"], ["64953.49", "0.000044"]], "checksum": 1677399380, "ts": "1712099944868"}], "ts": 1712099944868, "_doc": "ae04f47c-a93c-4aca-8cfd-cb5eeab8c63f"}, {"action": "update", "arg": {"instType": "SPOT", "channel": "books", "instId": "BTCUSDT"}, "data": [{"asks": [["65748.90", "0"], ["65749.00", "0"], ["65749.10", "0"], ["65749.20", "0"], ["65749.30", "0"], ["65749.40", "0"], ["65749.60", "0"], ["65749.90", "0"], ["65750.00", "0"], ["65750.20", "0"], ["65750.40", "0"], ["65750.50", "0"], ["65750.60", "0"], ["65751.10", "0"], ["65751.20", "0.003803"], ["65751.30", "0.037423"], ["65751.50", "0"], ["65751.70", "0"], ["65751.80", "0"], ["65752.90", "0"], ["65753.10", "0.188387"], ["65753.20", "0"], ["65753.40", "0"], ["65753.90", "0.244950"], ["65754.40", "0.008625"], ["65754.50", "0.381625"], ["65754.70", "0"], ["65754.80", "0.021905"], ["65754.90", "0.235775"], ["65755.00", "4.999700"], ["65755.40", "0.152250"], ["65755.80", "0"], ["65756.70", "0.150000"], ["65757.80", "0"], ["65757.90", "0.103650"], ["65758.60", "0"], ["65758.80", "0.278885"], ["65758.90", "0"], ["65759.20", "0"], ["65759.90", "0"], ["65760.80", "0.242011"], ["65760.90", "2.481593"], ["65761.00", "0"], ["65762.60", "0"], ["65763.60", "0"], ["65763.80", "0"], ["65763.90", "0.025000"], ["65764.20", "0.098097"], ["65764.30", "0"], ["65764.70", "0.097277"], ["65764.90", "0"], ["65765.20", "0"], ["65765.60", "0.620481"], ["65765.90", "0"], ["65766.00", "0.092864"], ["65766.10", "0.591884"], ["65766.90", "0.063019"], ["65768.60", "0"], ["65768.70", "0.093090"], ["65768.90", "2.220000"], ["65769.40", "0.992745"], ["65769.60", "0.760748"], ["65769.90", "0.236185"], ["65770.20", "0.278870"], ["65770.80", "0.052305"], ["65771.40", "0.112814"], ["65771.50", "0.012250"], ["65771.70", "0"], ["65771.80", "0.039683"], ["65771.90", "3.032900"], ["65772.00", "0"], ["65772.20", "0.065042"], ["65772.30", "0.108402"], ["65772.80", "0.004790"], ["65772.90", "0.007568"], ["65773.00", "1.867440"], ["65773.10", "0.475000"], ["65773.30", "0.500000"], ["65773.90", "0.226291"], ["65774.00", "0.847220"], ["65774.10", "1.676005"], ["65775.00", "0"], ["65775.10", "0.775000"], ["65775.30", "0.955795"], ["65776.00", "0.012250"], ["65777.00", "1.900000"], ["65777.10", "0.143191"], ["65777.40", "1.334660"], ["65777.90", "0.379999"], ["65778.00", "0.172750"], ["65778.30", "0.026391"], ["65778.90", "1.783336"], ["65779.50", "0.036216"], ["65779.70", "0.500000"], ["65780.70", "1.472051"], ["65781.60", "0"], ["65784.00", "1.256150"], ["65784.90", "0"], ["65787.30", "1.805716"], ["65788.20", "0"], ["65790.60", "1.687952"], ["65791.50", "0"], ["65793.90", "1.275778"], ["65794.80", "0"], ["65797.20", "1.570188"], ["65798.10", "0"], ["65800.50", "1.727206"], ["65801.40", "0"], ["65803.80", "1.354287"], ["65804.70", "0"], ["65807.10", "1.236523"], ["65808.00", "0"], ["65810.40", "1.315032"], ["65811.30", "0"], ["65813.70", "1.452424"], ["65814.60", "0"], ["65817.00", "1.786088"], ["65817.90", "0"], ["65820.30", "1.550560"], ["65821.20", "0"], ["65823.60", "1.373914"], ["65824.50", "0"], ["65826.90", "1.589815"], ["65827.80", "0"], ["65830.20", "1.413169"], ["65831.10", "0"], ["65833.50", "1.295405"], ["65834.40", "0"], ["65836.80", "1.707579"], ["65837.70", "0"], ["65840.10", "1.766461"], ["65841.00", "0"], ["65843.40", "1.432796"], ["65844.30", "0"], ["65846.70", "1.746834"], ["65847.60", "0"], ["65850.00", "1.393542"], ["65850.90", "0"], ["65853.30", "1.530933"], ["65854.20", "0"], ["65856.60", "1.491678"], ["65857.50", "0"], ["65859.90", "1.648697"], ["65860.80", "0"], ["65863.20", "1.609442"], ["65864.10", "0"], ["65866.50", "1.629070"], ["65867.40", "0"], ["65869.80", "1.511306"], ["66454.20", "0.000034"], ["66454.54", "0.000127"], ["66454.74", "0.000026"]], "bids": [["65744.98", "0.044267"], ["65730.90", "0.152000"], ["65730.80", "0.001900"], ["65730.70", "0.001036"], ["65730.60", "0.152250"], ["65730.50", "0.435900"], ["65730.10", "1.367569"], ["65730.00", "0.283650"], ["65729.70", "0.325000"], ["65729.60", "0.186900"], ["65729.30", "0.125000"], ["65729.10", "0.670750"], ["65729.00", "1.543950"], ["65728.70", "1.360542"], ["65728.60", "1.280525"], ["65728.54", "0.000760"], ["65728.53", "0.000760"], ["65728.51", "0.001132"], ["65728.50", "2.592569"], ["65728.20", "0.554525"], ["65728.10", "0.199075"], ["65728.00", "0.076000"], ["65727.90", "0.250000"], ["65727.80", "0.879525"], ["65727.40", "0.706775"], ["65727.30", "0.100000"], ["65726.60", "0"], ["65726.10", "0.402102"], ["65726.01", "0"], ["65726.00", "1.604120"], ["65725.90", "0.661964"], ["65725.80", "1.198600"], ["65725.30", "0.200000"], ["65725.10", "0.250000"], ["65725.00", "0.750100"], ["65724.70", "1.236475"], ["65724.00", "0.678885"], ["65723.90", "0"], ["65723.80", "1.391583"], ["65723.70", "0"], ["65723.60", "0"], ["65723.20", "0.037471"], ["65723.10", "0"], ["65723.00", "0.093914"], ["65722.90", "1.113912"], ["65722.70", "0.191046"], ["65722.60", "0.298104"], ["65722.50", "0.550000"], ["65722.30", "0"], ["65721.90", "0"], ["65721.80", "0.441691"], ["65721.60", "0"], ["65721.30", "0"], ["65721.20", "0"], ["65721.10", "0.287899"], ["65721.00", "0"], ["65720.80", "0"], ["65720.70", "0"], ["65720.30", "0.007607"], ["65720.20", "0.110949"], ["65719.10", "0.011160"], ["65718.30", "0"], ["65718.20", "0"], ["65717.90", "0"], ["65715.30", "1.795618"], ["65714.30", "1.207110"], ["65714.10", "0.029489"], ["65714.00", "5.172750"], ["65713.40", "0"], ["65713.30", "0.675228"], ["65713.00", "0"], ["65711.60", "0.473010"], ["65711.10", "0"], ["65710.70", "1.196260"], ["65710.60", "0.691893"], ["65710.00", "0"], ["65709.30", "0"], ["65709.10", "0"], ["65709.00", "0"], ["65708.70", "0"], ["65708.10", "0"], ["65708.00", "1.589815"], ["65707.00", "0"], ["65705.70", "0.055650"], ["65704.70", "1.491678"], ["65702.40", "0"], ["65701.40", "1.570188"], ["65699.10", "0"], ["65698.10", "1.432796"], ["65695.80", "0"], ["65694.80", "1.413169"], ["65692.50", "0"], ["65691.50", "1.727206"], ["65689.20", "0"], ["65688.20", "1.530933"], ["65685.90", "0"], ["65684.90", "1.668324"], ["65682.60", "0"], ["65681.60", "1.511306"], ["65679.30", "0"], ["65678.30", "1.393542"], ["65676.00", "0"], ["65675.00", "1.648697"], ["65672.70", "0"], ["65671.70", "1.236523"], ["65669.40", "0"], ["65668.40", "1.687952"], ["65666.10", "0"], ["65665.10", "1.256150"], ["65662.80", "0"], ["65661.80", "1.707579"], ["65659.50", "0"], ["65658.50", "1.550560"], ["65656.20", "0"], ["65655.20", "1.746834"], ["65652.90", "0"], ["65651.90", "1.373914"], ["65649.60", "0"], ["65648.60", "1.452424"], ["65646.30", "0"], ["65645.30", "1.315032"], ["65643.00", "0"], ["65642.00", "1.334660"], ["65639.70", "0"], ["65638.70", "1.805716"], ["65636.40", "0"], ["65635.40", "1.609442"], ["65633.10", "0"], ["65632.10", "1.472051"], ["65629.80", "0"], ["65628.80", "1.629070"], ["65626.50", "0"], ["65625.50", "1.354287"], ["65623.20", "0"], ["65622.20", "1.275778"], ["65619.90", "0"], ["65618.90", "1.786088"], ["65616.60", "0"], ["65615.60", "1.766461"], ["65613.30", "0"], ["65612.30", "1.295405"], ["65610.00", "0"], ["64956.73", "0"], ["64956.52", "0"], ["64954.37", "0"]], "checksum": -1259358189, "ts": "1712099944635"}], "ts": 1712099944635, "_doc": "b8685ae8-484c-469e-844a-b1293b61e69b"}, {"action": "update", "arg": {"instType": "SPOT", "channel": "books", "instId": "BTCUSDT"}, "data": [{"asks": [["65748.90", "0.228150"], ["65749.10", "1.378773"], ["65749.40", "0.001031"], ["65749.60", "0.113423"], ["65749.90", "0.250000"], ["65750.20", "0.037423"], ["65750.80", "0"], ["65751.40", "0"], ["65755.80", "0.122006"], ["65756.10", "0.554383"], ["65756.70", "0.194603"], ["65757.70", "0"], ["65761.60", "0.015243"], ["65762.10", "0.190143"], ["65768.70", "0.585840"], ["65769.40", "0.278522"], ["65771.70", "1.805778"], ["65775.00", "1.236566"], ["65778.30", "1.668382"], ["65784.90", "1.746894"], ["65788.20", "1.491730"], ["65791.50", "1.334706"], ["65794.80", "1.629126"], ["65798.10", "1.413218"], ["65801.40", "1.707638"], ["65804.70", "1.688010"], ["65808.00", "1.472102"], ["65811.30", "1.550614"], ["65814.60", "1.511358"], ["65817.90", "1.275822"], ["65821.20", "1.315078"], ["65824.50", "1.786150"], ["65827.80", "1.570242"], ["65831.10", "1.393590"], ["65834.40", "1.373962"], ["65837.70", "1.727266"], ["65841.00", "1.609498"], ["65844.30", "1.295450"], ["65847.60", "1.589870"], ["65850.90", "1.256194"], ["65854.20", "1.452474"], ["65857.50", "1.648754"], ["65860.80", "1.530986"], ["65864.10", "1.766522"], ["65867.40", "1.354334"]], "bids": [["65728.52", "0.000760"], ["65728.51", "0.000760"], ["65728.50", "4.457323"], ["65728.48", "0"], ["65728.47", "0"], ["65728.46", "0.000829"], ["65727.80", "9.606349"], ["65727.40", "1.967075"], ["65726.40", "0.076000"], ["65726.10", "0.500000"], ["65726.00", "2.494950"], ["65725.80", "1.702750"], ["65725.00", "4.139475"], ["65723.80", "0.260655"], ["65722.30", "1.292550"], ["65720.70", "0.004100"], ["65720.30", "0"], ["65720.00", "0"], ["65719.10", "0.141670"], ["65707.90", "0"], ["65705.70", "1.488496"], ["65705.50", "0"], ["65702.40", "1.256194"], ["65699.10", "1.373962"], ["65695.80", "1.766522"], ["65692.50", "1.452474"], ["65689.20", "1.530986"], ["65685.90", "1.275822"], ["65682.60", "1.491730"], ["65679.30", "1.511358"], ["65676.00", "1.393590"], ["65672.70", "1.354334"], ["65669.40", "1.805778"], ["65666.10", "1.570242"], ["65662.80", "1.236566"], ["65659.50", "1.472102"], ["65656.20", "1.786150"], ["65652.90", "1.295450"], ["65649.60", "1.609498"], ["65646.30", "1.668382"], ["65643.00", "1.315078"], ["65639.70", "1.413218"], ["65636.40", "1.648754"], ["65633.10", "1.550614"], ["65630.66", "0.000190"], ["65629.80", "1.707638"], ["65626.50", "1.746894"], ["65623.20", "1.334706"], ["65616.60", "1.629126"], ["65613.30", "1.727266"], ["65610.00", "1.589870"], ["64954.16", "0"]], "checksum": -412809600, "ts": "1712099944434"}], "ts": 1712099944434, "_doc": "12fa46f9-97e5-472c-9cb0-a4b6b08cfc29"}, {"action": "update", "arg": {"instType": "SPOT", "channel": "books", "instId": "BTCUSDT"}, "data": [{"asks": [["65728.47", "0"], ["65747.80", "0"], ["65748.00", "0"], ["65748.20", "0"], ["65748.60", "0"], ["65748.90", "1.468875"], ["65749.00", "0.152500"], ["65749.10", "2.130401"], ["65749.60", "0.116320"], ["65749.90", "0.500000"], ["65750.40", "0.152500"], ["65750.80", "0.152136"], ["65750.90", "0"], ["65751.40", "0.037423"], ["65751.70", "0.022925"], ["65756.70", "0.150000"], ["65758.50", "0"], ["65759.90", "0.093782"], ["65762.10", "0.203121"], ["65763.70", "0.061280"], ["65763.80", "0.100000"], ["65765.00", "0.012250"], ["65765.90", "0.473043"], ["65768.40", "0"], ["65769.40", "0.771267"], ["65770.00", "0.162625"], ["65770.10", "0.135476"], ["65770.20", "0.369071"], ["65771.70", "1.688010"], ["65773.50", "0"], ["65775.00", "1.315078"], ["65776.80", "0"], ["65778.30", "1.256194"], ["65780.10", "0"], ["65781.60", "1.432846"], ["65783.40", "0"], ["65784.90", "1.393590"], ["65786.70", "0"], ["65788.20", "1.805778"], ["65790.00", "0"], ["65791.50", "1.472102"], ["65793.30", "0"], ["65794.80", "1.609498"], ["65796.60", "0"], ["65798.10", "1.746894"], ["65799.90", "0"], ["65801.40", "1.629126"], ["65803.20", "0"], ["65804.70", "1.373962"], ["65806.50", "0"], ["65808.00", "1.295450"], ["65809.80", "0"], ["65811.30", "1.530986"], ["65813.10", "0"], ["65814.60", "1.491730"], ["65816.40", "0"], ["65817.90", "1.570242"], ["65819.70", "0"], ["65821.20", "1.727266"], ["65823.00", "0"], ["65824.50", "1.354334"], ["65826.30", "0"], ["65827.80", "1.236566"], ["65829.60", "0"], ["65831.10", "1.452474"], ["65832.90", "0"], ["65834.40", "1.511358"], ["65836.20", "0"], ["65837.70", "1.275822"], ["65839.50", "0"], ["65841.00", "1.786150"], ["65842.80", "0"], ["65844.30", "1.413218"], ["65846.10", "0"], ["65847.60", "1.550614"], ["65849.40", "0"], ["65850.90", "1.668382"], ["65852.70", "0"], ["65854.20", "1.334706"], ["65856.00", "0"], ["65857.50", "1.766522"], ["65859.30", "0"], ["65860.80", "1.707638"], ["65862.60", "0"], ["65864.10", "1.648754"], ["65865.90", "0"], ["65867.40", "1.589870"], ["66452.93", "0.000014"]], "bids": [["65728.50", "4.456563"], ["65728.48", "0.000760"], ["65728.47", "0.000760"], ["65727.80", "1.066097"], ["65727.00", "0.076000"], ["65726.60", "1.897988"], ["65726.30", "0"], ["65726.01", "0.001132"], ["65726.00", "22.817575"], ["65725.90", "0.861964"], ["65725.20", "1.383735"], ["65723.20", "0.056736"], ["65723.10", "0.068450"], ["65722.30", "0.554775"], ["65721.30", "0.279579"], ["65720.20", "0.167994"], ["65719.40", "0"], ["65719.20", "0"], ["65719.10", "0.328668"], ["65718.90", "0"], ["65718.20", "0.093167"], ["65718.00", "0.232775"], ["65716.80", "0"], ["65716.70", "0"], ["65715.30", "0"], ["65714.20", "0"], ["65714.10", "3.029490"], ["65713.40", "0.007608"], ["65713.30", "0.552748"], ["65713.00", "5.000000"], ["65710.40", "1.394430"], ["65709.30", "0.006402"], ["65708.80", "0"], ["65708.00", "0"], ["65707.60", "0"], ["65707.30", "0"], ["65707.00", "0.057000"], ["65706.70", "0.012250"], ["65705.70", "1.625892"], ["65705.50", "0.016068"], ["65704.10", "0"], ["65702.40", "1.609498"], ["65700.80", "0"], ["65699.10", "1.472102"], ["65697.50", "0"], ["65695.80", "1.354334"], ["65694.20", "0"], ["65692.50", "1.530986"], ["65690.90", "0"], ["65689.20", "1.393590"], ["65687.60", "0"], ["65685.90", "1.295450"], ["65684.30", "0"], ["65682.60", "1.746894"], ["65681.00", "0"], ["65679.30", "1.236566"], ["65677.70", "0"], ["65676.00", "1.589870"], ["65674.40", "0"], ["65672.70", "1.373962"], ["65671.10", "0"], ["65669.40", "1.413218"], ["65667.80", "0"], ["65666.10", "1.707638"], ["65664.50", "0"], ["65662.80", "1.805778"], ["65661.20", "0"], ["65659.50", "1.727266"], ["65657.90", "0"], ["65656.20", "1.550614"], ["65654.60", "0"], ["65652.90", "1.511358"], ["65651.30", "0"], ["65649.60", "1.766522"], ["65648.00", "0"], ["65646.30", "1.256194"], ["65644.70", "0"], ["65643.00", "1.668382"], ["65641.40", "0"], ["65639.70", "1.452474"], ["65638.10", "0"], ["65636.40", "1.629126"], ["65634.80", "0"], ["65633.10", "1.491730"], ["65631.50", "0"], ["65629.80", "1.648754"], ["65628.20", "0"], ["65626.50", "1.432846"], ["65626.37", "0"], ["65624.90", "0"], ["65623.20", "1.315078"], ["65621.60", "0"], ["65619.90", "1.688010"], ["65618.30", "0"], ["65616.60", "1.275822"], ["65615.00", "0"], ["65613.30", "1.786150"], ["65611.70", "0"], ["65610.00", "1.334706"], ["65608.40", "0"], ["64953.49", "0"]], "checksum": 1994643303, "ts": "1712099944239"}], "ts": 1712099944239, "_doc": "30f93b5a-14b2-4af1-9a47-4ece840df39a"}, {"action": "update", "arg": {"instType": "SPOT", "channel": "books", "instId": "BTCUSDT"}, "data": [{"asks": [["65748.60", "0.152352"], ["65748.90", "0.577750"], ["65749.00", "1.391525"], ["65749.70", "0"], ["65750.20", "0"], ["65751.70", "0.045600"], ["65758.30", "0"], ["65758.50", "0.089457"], ["65763.00", "0.525107"], ["65769.90", "0.211185"], ["65770.20", "1.236590"], ["65773.50", "1.511388"], ["65776.80", "1.805814"], ["65780.10", "1.609530"], ["65783.40", "1.275847"], ["65786.70", "1.668415"], ["65790.00", "1.295475"], ["65793.30", "1.688043"], ["65796.60", "1.570273"], ["65799.90", "1.531016"], ["65803.20", "1.334732"], ["65806.50", "1.373989"], ["65809.80", "1.727300"], ["65813.10", "1.746928"], ["65816.40", "1.589901"], ["65819.70", "1.413246"], ["65823.00", "1.393617"], ["65826.30", "1.315104"], ["65829.60", "1.354360"], ["65832.90", "1.766557"], ["65839.50", "1.707672"], ["65842.80", "1.472131"], ["65846.10", "1.550644"], ["65849.40", "1.629158"], ["65852.70", "1.786185"], ["65856.00", "1.256218"], ["65859.30", "1.432874"], ["65862.60", "1.491759"], ["65865.90", "1.648786"]], "bids": [["65726.00", "22.818018"], ["65725.01", "0"], ["65724.30", "0.310000"], ["65724.10", "0.650599"], ["65722.90", "1.084332"], ["65716.80", "0.097949"], ["65716.60", "0"], ["65706.70", "0"], ["65705.50", "0"], ["65704.10", "1.256218"], ["65700.80", "1.550644"], ["65697.50", "1.531016"], ["65694.20", "1.491759"], ["65690.90", "1.432874"], ["65687.60", "1.766557"], ["65684.30", "1.373989"], ["65681.00", "1.452502"], ["65674.40", "1.354360"], ["65671.10", "1.334732"], ["65667.80", "1.511388"], ["65664.50", "1.570273"], ["65661.20", "1.315104"], ["65657.90", "1.236590"], ["65654.60", "1.688043"], ["65651.30", "1.609530"], ["65648.00", "1.472131"], ["65644.70", "1.393617"], ["65641.40", "1.629158"], ["65638.10", "1.275847"], ["65634.80", "1.648786"], ["65631.50", "1.295475"], ["65628.20", "1.589901"], ["65624.90", "1.707672"], ["65621.60", "1.746928"], ["65618.30", "1.413246"], ["65615.00", "1.805814"], ["65611.70", "1.727300"], ["65608.40", "1.786185"], ["64953.49", "0.000044"]], "checksum": 1873753181, "ts": "1712099944017"}], "ts": 1712099944017, "_doc": "f6e7dd3b-79b5-4335-bc7d-a0a137da9fa5"}, {"action": "update", "arg": {"instType": "SPOT", "channel": "books", "instId": "BTCUSDT"}, "data": [{"asks": [["65728.47", "0.005901"], ["65745.80", "0"], ["65745.90", "0"], ["65746.00", "0"], ["65746.30", "0"], ["65746.40", "0"], ["65746.60", "0"], ["65747.00", "0"], ["65747.40", "0"], ["65747.80", "0.262850"], ["65748.20", "0.001034"], ["65748.60", "0.228352"], ["65748.70", "0"], ["65749.00", "1.391775"], ["65749.10", "0.760858"], ["65749.20", "0.380150"], ["65749.30", "0.021907"], ["65749.60", "0.428130"], ["65749.70", "0.631575"], ["65749.90", "0.537423"], ["65750.20", "0.076000"], ["65750.40", "0.189923"], ["65750.70", "0"], ["65750.90", "0.018725"], ["65751.10", "0.190075"], ["65751.20", "0.545453"], ["65751.50", "0.380373"], ["65751.60", "0"], ["65751.70", "0.022925"], ["65751.80", "0.076000"], ["65752.30", "0.019015"], ["65752.40", "0.125000"], ["65752.50", "0"], ["65752.60", "0.125000"], ["65753.70", "0"], ["65753.90", "0.156094"], ["65754.90", "0.851172"], ["65755.80", "0.011003"], ["65756.10", "0.654383"], ["65756.50", "0"], ["65756.60", "0.199855"], ["65756.70", "0.200000"], ["65757.10", "0"], ["65757.50", "0.271024"], ["65757.60", "2.929508"], ["65757.70", "0.015243"], ["65757.90", "0.215109"], ["65758.30", "0.097838"], ["65758.70", "0"], ["65758.90", "0.380108"], ["65759.20", "0.044911"], ["65759.70", "0"], ["65760.00", "0.023218"], ["65760.70", "0.005000"], ["65760.90", "3.402838"], ["65761.00", "0.100000"], ["65761.30", "0"], ["65761.40", "0.185880"], ["65761.90", "0.577500"], ["65762.20", "1.140963"], ["65762.40", "0"], ["65762.60", "0.025000"], ["65763.00", "0.825107"], ["65763.70", "0.030911"], ["65764.30", "0.038020"], ["65764.90", "1.048950"], ["65765.00", "0"], ["65765.10", "0"], ["65765.20", "0.570428"], ["65765.60", "1.165963"], ["65765.90", "0.057046"], ["65766.50", "0"], ["65766.70", "0"], ["65767.90", "0.012250"], ["65768.50", "0.307743"], ["65768.60", "0.025000"], ["65768.70", "0.093090"], ["65769.40", "0.992745"], ["65769.80", "0.202556"], ["65770.00", "0"], ["65770.10", "0"], ["65770.20", "1.491759"], ["65771.30", "0"], ["65771.40", "0"], ["65771.90", "0"], ["65772.30", "0"], ["65773.30", "0"], ["65773.50", "1.805814"], ["65775.20", "0"], ["65776.80", "1.550644"], ["65778.50", "0"], ["65780.10", "1.295475"], ["65781.80", "0"], ["65783.40", "1.688043"], ["65785.10", "0"], ["65786.70", "1.393617"], ["65788.40", "0"], ["65790.00", "1.531016"], ["65791.70", "0"], ["65793.30", "1.334732"], ["65795.00", "0"], ["65796.60", "1.746928"], ["65798.30", "0"], ["65799.90", "1.236590"], ["65801.60", "0"], ["65803.20", "1.354360"], ["65804.90", "0"], ["65806.50", "1.609530"], ["65808.20", "0"], ["65809.80", "1.668415"], ["65811.50", "0"], ["65813.10", "1.786185"], ["65814.80", "0"], ["65816.40", "1.570273"], ["65818.10", "0"], ["65819.70", "1.256218"], ["65821.40", "0"], ["65823.00", "1.432874"], ["65824.70", "0"], ["65826.30", "1.472131"], ["65828.00", "0"], ["65829.60", "1.629158"], ["65831.30", "0"], ["65832.90", "1.275847"], ["65834.60", "0"], ["65836.20", "1.452502"], ["65837.90", "0"], ["65839.50", "1.727300"], ["65841.20", "0"], ["65842.80", "1.648786"], ["65844.50", "0"], ["65846.10", "1.589901"], ["65847.80", "0"], ["65849.40", "1.413246"], ["65851.10", "0"], ["65852.70", "1.511388"], ["65854.40", "0"], ["65856.00", "1.707672"], ["65857.70", "0"], ["65859.30", "1.315104"], ["65861.00", "0"], ["65862.60", "1.373989"], ["65864.30", "0"], ["65865.90", "1.766557"], ["66451.89", "0.000021"]], "bids": [["65726.50", "0.152500"], ["65726.30", "0.456625"], ["65726.00", "22.043625"], ["65725.90", "2.151274"], ["65725.80", "4.596150"], ["65725.20", "1.491905"], ["65725.10", "0.500000"], ["65725.01", "0.001132"], ["65725.00", "4.214750"], ["65724.30", "0.526709"], ["65724.20", "0.181964"], ["65724.00", "0.380194"], ["65723.90", "0.076176"], ["65723.80", "0.385655"], ["65723.70", "0.879525"], ["65723.00", "0"], ["65722.70", "0.661712"], ["65722.50", "0"], ["65722.30", "1.204775"], ["65722.20", "0.076000"], ["65721.20", "2.410875"], ["65721.10", "0.398799"], ["65720.30", "0.210900"], ["65720.10", "0"], ["65719.30", "0"], ["65719.00", "0.087903"], ["65718.40", "0.120258"], ["65718.30", "0.200000"], ["65718.00", "0.363283"], ["65717.50", "0"], ["65717.20", "0"], ["65717.00", "0.181178"], ["65716.70", "0.057046"], ["65716.60", "0.091270"], ["65715.30", "0.052096"], ["65713.30", "0.540498"], ["65711.10", "0.500000"], ["65710.90", "0"], ["65710.70", "1.688998"], ["65709.40", "0"], ["65708.00", "0.012250"], ["65707.30", "0.501500"], ["65707.20", "0.185925"], ["65707.00", "0.218646"], ["65706.70", "0.073103"], ["65706.50", "0.475000"], ["65705.60", "0"], ["65704.30", "0"], ["65704.10", "1.472131"], ["65703.90", "0"], ["65703.70", "0"], ["65703.60", "0"], ["65703.40", "0"], ["65702.60", "0"], ["65700.80", "1.295475"], ["65699.30", "0"], ["65697.50", "1.334732"], ["65696.00", "0"], ["65694.20", "1.393617"], ["65692.70", "0"], ["65690.90", "1.256218"], ["65689.40", "0"], ["65687.60", "1.236590"], ["65686.10", "0"], ["65684.30", "1.707672"], ["65682.80", "0"], ["65681.00", "1.511388"], ["65679.50", "0"], ["65677.70", "1.668415"], ["65676.20", "0"], ["65674.40", "1.648786"], ["65672.90", "0"], ["65671.10", "1.688043"], ["65669.60", "0"], ["65667.80", "1.629158"], ["65666.30", "0"], ["65664.50", "1.805814"], ["65663.00", "0"], ["65661.20", "1.589901"], ["65659.70", "0"], ["65657.90", "1.550644"], ["65656.40", "0"], ["65654.60", "1.727300"], ["65653.10", "0"], ["65651.30", "1.432874"], ["65649.80", "0"], ["65648.00", "1.452502"], ["65646.50", "0"], ["65644.70", "1.354360"], ["65643.20", "0"], ["65641.40", "1.766557"], ["65639.90", "0"], ["65638.10", "1.609530"], ["65636.60", "0"], ["65634.80", "1.413246"], ["65633.30", "0"], ["65631.50", "1.786185"], ["65630.00", "0"], ["65628.20", "1.275847"], ["65626.70", "0"], ["65626.37", "0.000190"], ["65624.90", "1.531016"], ["65623.40", "0"], ["65621.60", "1.373989"], ["65620.10", "0"], ["65618.30", "1.491759"], ["65616.80", "0"], ["65615.00", "1.746928"], ["65613.50", "0"], ["65611.70", "1.315104"], ["65610.20", "0"], ["65608.40", "1.570273"], ["65606.90", "0"], ["64953.49", "0"], ["64953.27", "0"]], "checksum": -23263696, "ts": "1712099943816"}], "ts": 1712099943816, "_doc": "8517d195-6de1-4fc7-8fef-b11c790ed4a8"}, {"action": "update", "arg": {"instType": "SPOT", "channel": "books", "instId": "BTCUSDT"}, "data": [{"asks": [["65745.80", "0.152250"], ["65746.00", "0.659644"], ["65746.40", "0.076000"], ["65746.60", "0.001019"], ["65747.40", "0.277125"], ["65747.70", "0"], ["65747.80", "0.261375"], ["65747.90", "0"], ["65748.00", "0.076000"], ["65749.20", "0.679854"], ["65749.60", "0.380150"], ["65749.90", "0.800125"], ["65750.00", "0.324750"], ["65750.80", "0.133050"], ["65751.10", "0.200718"], ["65751.20", "0.651224"], ["65751.40", "0"], ["65751.70", "0.045600"], ["65751.80", "0"], ["65752.40", "0"], ["65752.80", "0"], ["65753.90", "0.056094"], ["65754.90", "0"], ["65755.90", "0"], ["65756.10", "0"], ["65756.20", "0.128895"], ["65756.50", "0.101250"], ["65757.00", "0"], ["65757.30", "0"], ["65757.90", "0.103650"], ["65758.80", "1.394430"], ["65758.90", "0.098015"], ["65762.40", "0.100000"], ["65762.60", "0"], ["65763.00", "0.525107"], ["65763.40", "0"], ["65763.70", "0.058281"], ["65764.40", "0"], ["65764.50", "0"], ["65765.00", "1.048925"], ["65767.10", "1.140963"], ["65768.20", "0"], ["65768.40", "0.473041"], ["65768.50", "0.336266"], ["65768.60", "1.413290"], ["65768.70", "0"], ["65769.40", "0"], ["65770.00", "0.172750"], ["65770.20", "0.369071"], ["65771.30", "0.141082"], ["65771.90", "1.609580"], ["65772.00", "0.000269"], ["65772.30", "0.108402"], ["65773.30", "0.500000"], ["65774.70", "0"], ["65775.00", "0"], ["65775.20", "1.746983"], ["65775.30", "0"], ["65778.50", "1.452548"], ["65778.60", "0"], ["65781.80", "1.629209"], ["65781.90", "0"], ["65785.10", "1.295515"], ["65785.20", "0"], ["65788.40", "1.550693"], ["65788.50", "0"], ["65791.70", "1.491806"], ["65791.80", "0"], ["65795.00", "1.256257"], ["65795.10", "0"], ["65798.30", "1.766612"], ["65798.40", "0"], ["65801.60", "1.511435"], ["65801.70", "0"], ["65804.90", "1.786241"], ["65805.00", "0"], ["65808.20", "1.688096"], ["65808.30", "0"], ["65811.50", "1.589951"], ["65811.60", "0"], ["65814.80", "1.707725"], ["65814.90", "0"], ["65818.10", "1.334774"], ["65818.20", "0"], ["65821.40", "1.531064"], ["65821.50", "0"], ["65824.70", "1.275886"], ["65824.80", "0"], ["65828.00", "1.315145"], ["65828.10", "0"], ["65831.30", "1.393661"], ["65831.40", "0"], ["65834.60", "1.432919"], ["65834.70", "0"], ["65837.90", "1.354403"], ["65838.00", "0"], ["65841.20", "1.727354"], ["65841.30", "0"], ["65844.50", "1.805870"], ["65844.60", "0"], ["65847.80", "1.570322"], ["65847.90", "0"], ["65851.10", "1.648838"], ["65851.20", "0"], ["65854.40", "1.472177"], ["65854.50", "0"], ["65857.70", "1.236628"], ["65857.80", "0"], ["65861.00", "1.668467"], ["65861.10", "0"], ["65864.30", "1.374032"], ["65864.40", "0"], ["66451.89", "0"]], "bids": [["65725.00", "22.818730"], ["65724.30", "0.091261"], ["65724.20", "0.131600"], ["65723.90", "0.652102"], ["65723.80", "0.486050"], ["65723.70", "1.259700"], ["65722.70", "0.593392"], ["65722.30", "1.874100"], ["65722.20", "0.114033"], ["65721.21", "0"], ["65721.10", "0.448799"], ["65720.60", "0.076000"], ["65720.30", "0.464208"], ["65720.00", "0.077775"], ["65719.30", "0.057046"], ["65718.40", "0.146444"], ["65718.20", "0"], ["65717.20", "0.097033"], ["65717.00", "0.317513"], ["65716.70", "0"], ["65715.60", "0.007500"], ["65713.40", "0"], ["65709.10", "0.495000"], ["65708.80", "0.473041"], ["65708.00", "1.256125"], ["65707.30", "0"], ["65699.30", "1.727354"], ["65696.00", "1.256257"], ["65692.70", "1.746983"], ["65689.40", "1.491806"], ["65686.10", "1.452548"], ["65682.80", "1.511435"], ["65679.50", "1.707725"], ["65676.20", "1.668467"], ["65672.90", "1.629209"], ["65669.60", "1.766612"], ["65666.30", "1.805870"], ["65663.00", "1.236628"], ["65659.70", "1.315145"], ["65656.40", "1.275886"], ["65653.10", "1.531064"], ["65649.80", "1.688096"], ["65643.20", "1.374032"], ["65639.90", "1.334774"], ["65636.60", "1.354403"], ["65633.30", "1.609580"], ["65630.00", "1.295515"], ["65626.70", "1.570322"], ["65623.40", "1.413290"], ["65623.03", "0"], ["65620.10", "1.786241"], ["65616.80", "1.648838"], ["65613.50", "1.589951"], ["65610.20", "1.472177"], ["65606.90", "1.550693"], ["64953.49", "0.000044"], ["64953.27", "0.000185"]], "checksum": 1000922138, "ts": "1712099943609"}], "ts": 1712099943609, "_doc": "30be634c-911f-448c-974f-864f7eec87d8"}, {"action": "update", "arg": {"instType": "SPOT", "channel": "books", "instId": "BTCUSDT"}, "data": [{"asks": [["65744.90", "0"], ["65745.00", "0"], ["65745.10", "0"], ["65745.20", "0"], ["65745.50", "0"], ["65745.60", "0"], ["65745.80", "0"], ["65745.90", "0.001003"], ["65746.00", "0.710344"], ["65746.30", "0.001047"], ["65746.40", "0"], ["65746.60", "0.133300"], ["65746.70", "0"], ["65746.90", "0"], ["65747.00", "0.001047"], ["65747.40", "0.152500"], ["65747.80", "1.147288"], ["65748.00", "0"], ["65748.50", "0"], ["65748.60", "0"], ["65749.00", "0"], ["65749.40", "0"], ["65749.60", "0"], ["65750.20", "0"], ["65750.60", "0.152250"], ["65751.10", "0.428809"], ["65751.20", "0.675724"], ["65756.50", "0.876250"], ["65757.10", "0.550000"], ["65757.30", "0.094023"], ["65757.90", "0"], ["65761.30", "0.122091"], ["65763.00", "0"], ["65764.40", "0.473068"], ["65765.20", "1.070428"], ["65765.90", "0"], ["65766.40", "0.036500"], ["65766.50", "0.967770"], ["65767.40", "0"], ["65767.50", "0.380285"], ["65767.60", "0.711120"], ["65767.90", "0.055753"], ["65768.20", "0.380054"], ["65768.50", "0.307743"], ["65768.70", "1.334774"], ["65769.10", "3.700000"], ["65769.20", "0.088925"], ["65769.40", "0.392297"], ["65769.80", "0.007681"], ["65770.10", "0.135476"], ["65770.70", "0"], ["65771.40", "0.112814"], ["65772.00", "1.432919"], ["65774.00", "0"], ["65774.70", "0.038000"], ["65775.00", "0.012250"], ["65775.30", "1.629209"], ["65777.30", "0"], ["65778.60", "1.609580"], ["65780.60", "0"], ["65781.90", "1.727354"], ["65783.90", "0"], ["65785.20", "1.766612"], ["65787.20", "0"], ["65788.50", "1.786241"], ["65790.50", "0"], ["65791.80", "1.511435"], ["65793.80", "0"], ["65795.10", "1.413290"], ["65797.10", "0"], ["65798.40", "1.668467"], ["65800.40", "0"], ["65801.70", "1.295515"], ["65803.70", "0"], ["65805.00", "1.256257"], ["65807.00", "0"], ["65808.30", "1.589951"], ["65810.30", "0"], ["65811.60", "1.472177"], ["65813.60", "0"], ["65814.90", "1.746983"], ["65816.90", "0"], ["65818.20", "1.315145"], ["65820.20", "0"], ["65821.50", "1.393661"], ["65823.50", "0"], ["65824.80", "1.531064"], ["65826.80", "0"], ["65828.10", "1.491806"], ["65830.10", "0"], ["65831.40", "1.236628"], ["65833.40", "0"], ["65834.70", "1.648838"], ["65836.70", "0"], ["65838.00", "1.354403"], ["65840.00", "0"], ["65841.30", "1.688096"], ["65843.30", "0"], ["65844.60", "1.452548"], ["65846.60", "0"], ["65847.90", "1.805870"], ["65849.90", "0"], ["65851.20", "1.374032"], ["65853.20", "0"], ["65854.50", "1.550693"], ["65856.50", "0"], ["65857.80", "1.570322"], ["65859.80", "0"], ["65861.10", "1.707725"], ["65863.10", "0"], ["65864.40", "1.275886"]], "bids": [["65728.46", "0.059094"], ["65725.40", "0.076000"], ["65725.00", "21.131275"], ["65724.80", "0.076000"], ["65724.70", "0.125000"], ["65724.20", "0.152250"], ["65723.90", "0.545600"], ["65723.80", "1.246050"], ["65723.70", "4.973325"], ["65723.60", "0.152000"], ["65723.20", "0.076000"], ["65723.00", "1.000000"], ["65722.70", "0.482443"], ["65722.60", "0.370185"], ["65722.30", "0.554525"], ["65722.00", "0.172750"], ["65721.90", "0.325000"], ["65721.60", "0.076000"], ["65721.30", "0.250000"], ["65721.20", "3.719050"], ["65721.10", "0.756463"], ["65720.20", "0.245661"], ["65719.30", "0"], ["65718.70", "0"], ["65718.00", "0.883481"], ["65717.80", "0"], ["65717.20", "0"], ["65717.10", "0"], ["65716.80", "0"], ["65716.70", "0.380236"], ["65716.50", "0"], ["65716.40", "0"], ["65716.20", "0"], ["65715.90", "0.473034"], ["65715.60", "0.099905"], ["65715.40", "0"], ["65706.70", "0"], ["65703.00", "0"], ["65702.60", "1.393661"], ["65702.50", "0"], ["65702.40", "0"], ["65701.30", "0"], ["65699.30", "1.786241"], ["65698.00", "0"], ["65696.00", "1.491806"], ["65694.70", "0"], ["65692.70", "1.334774"], ["65691.40", "0"], ["65689.40", "1.668467"], ["65688.10", "0"], ["65686.10", "1.295515"], ["65684.80", "0"], ["65682.80", "1.648838"], ["65681.50", "0"], ["65679.50", "1.452548"], ["65678.20", "0"], ["65676.20", "1.805870"], ["65674.90", "0"], ["65672.90", "1.688096"], ["65671.60", "0"], ["65669.60", "1.275886"], ["65668.30", "0"], ["65666.30", "1.727354"], ["65665.00", "0"], ["65663.00", "1.315145"], ["65661.70", "0"], ["65659.70", "1.256257"], ["65658.40", "0"], ["65656.40", "1.589951"], ["65655.10", "0"], ["65653.10", "1.413290"], ["65651.80", "0"], ["65649.80", "1.511435"], ["65648.50", "0"], ["65646.50", "1.432919"], ["65645.20", "0"], ["65643.20", "1.707725"], ["65641.90", "0"], ["65639.90", "1.354403"], ["65638.60", "0"], ["65636.60", "1.374032"], ["65635.30", "0"], ["65633.30", "1.472177"], ["65632.00", "0"], ["65630.00", "1.629209"], ["65628.70", "0"], ["65626.70", "1.766612"], ["65625.40", "0"], ["65623.40", "1.550693"], ["65622.10", "0"], ["65620.10", "1.236628"], ["65618.80", "0"], ["65616.80", "1.609580"], ["65615.50", "0"], ["65613.50", "1.531064"], ["65612.20", "0"], ["65610.20", "1.570322"], ["65608.90", "0"], ["65606.90", "1.746983"], ["65605.60", "0"]], "checksum": 2059183410, "ts": "1712099943411"}], "ts": 1712099943411, "_doc": "5a6b1fa0-5be6-486c-afce-9bd43335a765"}, {"action": "update", "arg": {"instType": "SPOT", "channel": "books", "instId": "BTCUSDT"}, "data": [{"asks": [["65745.60", "0.001047"], ["65745.70", "0"], ["65746.00", "0.947479"], ["65746.90", "0.617050"], ["65753.70", "0.146298"], ["65767.40", "1.374044"], ["65767.50", "0"], ["65767.60", "0"], ["65770.70", "1.746998"], ["65774.00", "1.531077"], ["65777.30", "1.570336"], ["65780.60", "1.629223"], ["65783.90", "1.295527"], ["65787.20", "1.472190"], ["65790.50", "1.727369"], ["65793.80", "1.275898"], ["65797.10", "1.256269"], ["65800.40", "1.511448"], ["65803.70", "1.668482"], ["65807.00", "1.550706"], ["65810.30", "1.766628"], ["65813.60", "1.589965"], ["65816.90", "1.609594"], ["65823.50", "1.393673"], ["65826.80", "1.786257"], ["65830.10", "1.688111"], ["65833.40", "1.334785"], ["65836.70", "1.432931"], ["65840.00", "1.413302"], ["65843.30", "1.805886"], ["65846.60", "1.452561"], ["65849.90", "1.315156"], ["65853.20", "1.648852"], ["65856.50", "1.707740"], ["65859.80", "1.491819"], ["65863.10", "1.236639"]], "bids": [["65723.60", "0"], ["65721.20", "19.064050"], ["65721.10", "1.516863"], ["65721.00", "0.152250"], ["65720.90", "0"], ["65718.00", "0.528690"], ["65717.50", "1.084509"], ["65717.00", "0.286531"], ["65715.60", "0.007500"], ["65709.10", "2.938125"], ["65708.00", "2.506125"], ["65703.90", "0.007681"], ["65702.50", "0.380340"], ["65702.40", "0.475000"], ["65701.30", "1.648852"], ["65698.00", "1.413302"], ["65694.70", "1.275898"], ["65691.40", "1.609594"], ["65688.10", "1.295527"], ["65684.80", "1.432931"], ["65681.50", "1.334785"], ["65678.20", "1.315156"], ["65674.90", "1.374044"], ["65671.60", "1.354415"], ["65668.30", "1.688111"], ["65665.00", "1.236639"], ["65661.70", "1.746998"], ["65658.40", "1.531077"], ["65655.10", "1.393673"], ["65651.80", "1.589965"], ["65648.50", "1.707740"], ["65645.20", "1.452561"], ["65641.90", "1.805886"], ["65638.60", "1.727369"], ["65635.30", "1.256269"], ["65632.00", "1.570336"], ["65628.70", "1.472190"], ["65625.40", "1.491819"], ["65622.10", "1.511448"], ["65618.80", "1.786257"], ["65615.50", "1.550706"], ["65612.20", "1.766628"], ["65608.90", "1.668482"], ["65605.60", "1.629223"]], "checksum": 124662290, "ts": "1712099943190"}], "ts": 1712099943190, "_doc": "7340a033-d855-4d59-992b-69f85dbb149b"}, {"action": "update", "arg": {"instType": "SPOT", "channel": "books", "instId": "BTCUSDT"}, "data": [{"asks": [["65745.60", "0"], ["65745.70", "0.001001"], ["65753.60", "0"], ["65756.00", "0"], ["65756.10", "0.045157"], ["65767.40", "1.334785"], ["65767.60", "0.711120"], ["65770.70", "1.786257"], ["65774.00", "1.472190"], ["65777.30", "1.432931"], ["65780.60", "1.746998"], ["65783.90", "1.511448"], ["65787.20", "1.315156"], ["65790.50", "1.550706"], ["65793.80", "1.413302"], ["65797.10", "1.668482"], ["65800.40", "1.393673"], ["65803.70", "1.570336"], ["65807.00", "1.805886"], ["65813.60", "1.609594"], ["65816.90", "1.374044"], ["65820.20", "1.354415"], ["65823.50", "1.452561"], ["65826.80", "1.707740"], ["65830.10", "1.275898"], ["65833.40", "1.531077"], ["65836.70", "1.766628"], ["65840.00", "1.648852"], ["65846.60", "1.491819"], ["65849.90", "1.727369"], ["65853.20", "1.236639"], ["65856.50", "1.295527"], ["65859.80", "1.688111"], ["65863.10", "1.589965"]], "bids": [["65723.80", "0.319010"], ["65723.60", "0.038605"], ["65723.30", "0"], ["65722.70", "0.196048"], ["65722.00", "0.211355"], ["65721.20", "18.413300"], ["65717.30", "0.044961"], ["65707.20", "0.678700"], ["65705.20", "0"], ["65703.90", "0.065201"], ["65701.30", "1.393673"], ["65698.00", "1.334785"], ["65694.70", "1.609594"], ["65691.40", "1.472190"], ["65688.10", "1.511448"], ["65684.80", "1.648852"], ["65681.50", "1.688111"], ["65678.20", "1.256269"], ["65674.90", "1.452561"], ["65671.60", "1.707740"], ["65668.30", "1.668482"], ["65665.00", "1.746998"], ["65661.70", "1.432931"], ["65658.40", "1.413302"], ["65655.10", "1.315156"], ["65651.80", "1.354415"], ["65648.50", "1.531077"], ["65645.20", "1.295527"], ["65641.90", "1.491819"], ["65638.60", "1.275898"], ["65635.30", "1.236639"], ["65632.00", "1.786257"], ["65628.70", "1.727369"], ["65625.40", "1.550706"], ["65622.10", "1.589965"], ["65618.80", "1.766628"], ["65615.50", "1.570336"], ["65612.20", "1.629223"], ["65608.90", "1.805886"], ["65605.60", "1.374044"]], "checksum": 1808094746, "ts": "1712099942972"}], "ts": 1712099942972, "_doc": "2666db89-7b7b-41dd-adac-4edb4090268d"}, {"action": "update", "arg": {"instType": "SPOT", "channel": "books", "instId": "BTCUSDT"}