[{"action": "update", "arg": {"instType": "USDT-FUTURES", "channel": "books", "instId": "BTCUSDT"}, "data": [{"asks": [["65752.8", "0"], ["65753.1", "0"], ["65753.2", "3.019"], ["65753.5", "3.052"], ["65754.2", "3.027"], ["65754.3", "3.029"], ["65754.5", "3.025"], ["65754.7", "3.048"], ["65755.1", "3.052"], ["65755.2", "3.032"], ["65755.6", "3.014"], ["65755.9", "3.029"], ["65756.1", "3.057"], ["65756.7", "3.046"], ["65757.2", "3.036"], ["65757.6", "3.060"], ["65758.2", "3.032"], ["65758.3", "3.013"], ["65758.5", "3.029"], ["65758.7", "3.023"], ["65759.2", "3.038"], ["65759.3", "3.012"], ["65759.5", "3.042"], ["65759.7", "3.035"], ["65759.8", "3.023"], ["65760.0", "3.057"], ["65760.2", "3.022"], ["65760.3", "3.027"], ["65760.4", "3.056"], ["65760.5", "3.012"], ["65761.1", "3.013"], ["65761.6", "3.039"], ["65761.7", "3.017"], ["65762.0", "3.027"], ["65848.8", "45.646"], ["65881.7", "45.633"], ["65914.6", "45.622"], ["65947.5", "45.654"], ["65980.4", "45.627"], ["66013.3", "45.618"], ["66046.2", "45.615"], ["66079.1", "45.652"], ["66112.0", "45.646"], ["66144.9", "45.652"], ["66177.8", "45.631"], ["66210.7", "45.642"], ["66243.6", "45.663"], ["66276.5", "45.642"], ["66284.1", "0.088"], ["66284.6", "0.006"]], "bids": [["65747.1", "3.049"], ["65746.7", "3.030"], ["65744.6", "3.056"], ["65744.4", "3.048"], ["65744.3", "3.040"], ["65744.2", "3.021"], ["65743.2", "3.027"], ["65742.6", "3.053"], ["65742.1", "3.014"], ["65742.0", "3.055"], ["65741.6", "3.027"], ["65741.4", "3.027"], ["65741.1", "4.254"], ["65741.0", "3.043"], ["65740.1", "3.056"], ["65738.5", "3.021"], ["65738.4", "3.017"], ["65738.1", "3.039"], ["65738.0", "3.030"], ["65737.9", "3.012"], ["65737.8", "3.012"], ["65737.6", "3.037"], ["65737.5", "3.054"], ["65737.2", "3.018"], ["65736.7", "3.031"], ["65736.2", "3.051"], ["65736.0", "3.054"], ["65735.9", "3.050"], ["65735.7", "3.023"], ["65735.6", "3.025"], ["65735.5", "3.013"], ["65735.3", "3.028"], ["65735.0", "3.013"], ["65734.7", "3.037"], ["65734.6", "3.022"], ["65734.3", "0"], ["65734.1", "0"], ["65651.3", "45.631"], ["65552.6", "45.621"], ["65519.7", "45.649"], ["65486.8", "45.647"], ["65421.0", "45.641"], ["65388.1", "45.631"], ["65355.2", "45.642"], ["65322.3", "45.637"], ["65289.4", "45.623"], ["65256.5", "45.621"], ["65223.6", "45.619"], ["65190.7", "45.657"]], "checksum": -1524152917, "ts": "1712099949136"}], "ts": 1712099949136, "_doc": "886316ab-2eeb-48f8-abea-e3d296103f8f"}, {"action": "update", "arg": {"instType": "USDT-FUTURES", "channel": "books", "instId": "BTCUSDT"}, "data": [{"asks": [["65750.2", "0"], ["65750.7", "0.014"], ["65753.2", "3.047"], ["65753.5", "3.031"], ["65754.2", "3.053"], ["65754.5", "3.028"], ["65754.7", "3.055"], ["65755.1", "3.040"], ["65755.2", "3.020"], ["65755.6", "3.024"], ["65755.9", "3.057"], ["65756.1", "3.018"], ["65756.7", "3.045"], ["65757.2", "3.060"], ["65757.6", "3.043"], ["65757.8", "3.047"], ["65758.2", "3.025"], ["65758.5", "3.012"], ["65758.7", "3.047"], ["65759.2", "3.025"], ["65759.3", "3.059"], ["65759.5", "3.012"], ["65759.6", "3.038"], ["65759.7", "3.030"], ["65760.2", "3.013"], ["65760.3", "3.048"], ["65760.4", "3.033"], ["65760.5", "3.039"], ["65761.1", "3.052"], ["65761.2", "3.033"], ["65761.6", "3.013"], ["65761.7", "3.044"], ["65761.8", "3.014"], ["65762.0", "3.052"], ["65762.3", "0"], ["65848.8", "45.635"], ["65881.7", "45.654"], ["65947.5", "45.650"], ["65980.4", "45.633"], ["66013.3", "45.661"], ["66046.2", "45.635"], ["66079.1", "45.633"], ["66112.0", "45.623"], ["66144.9", "45.647"], ["66177.8", "45.663"], ["66210.7", "45.654"], ["66276.5", "45.630"], ["66283.7", "0.003"]], "bids": [["65747.1", "3.039"], ["65746.7", "3.049"], ["65744.9", "3.011"], ["65744.4", "3.010"], ["65744.3", "3.034"], ["65744.2", "3.053"], ["65743.4", "3.059"], ["65743.3", "3.021"], ["65742.6", "3.059"], ["65742.1", "3.048"], ["65742.0", "3.038"], ["65741.6", "3.043"], ["65741.1", "3.019"], ["65741.0", "3.059"], ["65740.1", "3.013"], ["65739.7", "3.044"], ["65739.6", "3.052"], ["65738.5", "3.010"], ["65738.4", "3.050"], ["65738.1", "3.058"], ["65738.0", "3.042"], ["65737.8", "3.053"], ["65737.7", "3.028"], ["65737.5", "3.042"], ["65737.2", "3.036"], ["65736.7", "3.056"], ["65736.2", "3.044"], ["65735.9", "3.015"], ["65735.7", "3.010"], ["65735.6", "3.018"], ["65735.5", "3.054"], ["65735.3", "3.025"], ["65735.0", "3.010"], ["65734.8", "3.054"], ["65734.7", "3.057"], ["65734.3", "3.033"], ["65734.1", "3.048"], ["65651.3", "45.621"], ["65618.4", "45.651"], ["65585.5", "45.627"], ["65552.6", "45.626"], ["65519.7", "45.656"], ["65486.8", "45.623"], ["65453.9", "45.631"], ["65421.0", "45.660"], ["65388.1", "45.650"], ["65355.2", "45.627"], ["65289.4", "45.648"], ["65256.5", "45.646"], ["65190.7", "45.661"], ["65157.8", "45.658"]], "checksum": 990953631, "ts": "1712099949032"}], "ts": 1712099949032, "_doc": "2aea82a1-4732-400b-9219-8771b5fa1f94"}, {"action": "update", "arg": {"instType": "USDT-FUTURES", "channel": "books", "instId": "BTCUSDT"}, "data": [{"asks": [["65747.3", "0.043"], ["65750.2", "1.000"], ["65750.7", "0.060"], ["65752.9", "5.252"], ["65753.2", "3.011"], ["65753.5", "3.013"], ["65754.2", "3.047"], ["65754.5", "3.044"], ["65755.1", "3.028"], ["65755.2", "3.048"], ["65755.9", "3.031"], ["65756.1", "3.025"], ["65756.7", "3.033"], ["65757.2", "3.040"], ["65758.2", "3.045"], ["65758.3", "3.041"], ["65758.5", "3.025"], ["65758.7", "3.026"], ["65759.2", "3.022"], ["65759.3", "3.025"], ["65759.5", "3.044"], ["65759.6", "3.023"], ["65759.7", "3.013"], ["65760.0", "3.049"], ["65760.2", "3.052"], ["65760.4", "3.011"], ["65760.5", "3.031"], ["65761.1", "3.049"], ["65761.2", "3.054"], ["65761.6", "3.034"], ["65761.7", "3.020"], ["65761.8", "3.052"], ["65762.0", "3.044"], ["65762.2", "3.018"], ["65762.3", "3.059"], ["65848.8", "45.616"], ["65881.7", "45.641"], ["65947.5", "45.654"], ["65980.4", "45.639"], ["66013.3", "45.660"], ["66046.2", "45.624"], ["66079.1", "45.653"], ["66112.0", "45.616"], ["66177.8", "45.660"], ["66210.7", "45.658"], ["66243.6", "45.629"], ["66276.5", "45.648"], ["66283.7", "0"], ["66284.1", "0"]], "bids": [["65747.1", "3.022"], ["65746.7", "3.013"], ["65744.9", "3.025"], ["65744.6", "3.049"], ["65744.4", "3.044"], ["65744.3", "3.014"], ["65744.1", "3.022"], ["65743.6", "0"], ["65743.4", "3.013"], ["65743.3", "3.052"], ["65743.2", "3.043"], ["65742.1", "3.034"], ["65742.0", "3.055"], ["65741.6", "3.018"], ["65741.1", "3.040"], ["65740.1", "3.056"], ["65739.7", "3.058"], ["65738.5", "3.024"], ["65738.1", "3.032"], ["65738.0", "3.032"], ["65737.8", "3.033"], ["65737.7", "3.013"], ["65737.6", "3.017"], ["65737.5", "3.016"], ["65737.2", "3.012"], ["65736.7", "3.045"], ["65736.2", "3.046"], ["65735.9", "3.029"], ["65735.7", "3.024"], ["65735.6", "3.045"], ["65735.5", "3.038"], ["65735.3", "3.012"], ["65734.8", "3.060"], ["65734.7", "3.024"], ["65734.6", "3.048"], ["65734.3", "3.044"], ["65734.1", "3.020"], ["65618.4", "45.656"], ["65585.5", "45.637"], ["65519.7", "45.645"], ["65486.8", "45.635"], ["65453.9", "45.653"], ["65388.1", "45.655"], ["65355.2", "45.663"], ["65322.3", "45.639"], ["65289.4", "45.621"], ["65256.5", "45.653"], ["65223.6", "45.622"], ["65190.7", "45.637"], ["65157.8", "45.633"]], "checksum": 1633836790, "ts": "1712099948882"}], "ts": 1712099948882, "_doc": "15427f6d-895a-44e3-8840-6ec3e7fb2df3"}, {"action": "update", "arg": {"instType": "USDT-FUTURES", "channel": "books", "instId": "BTCUSDT"}, "data": [{"asks": [["65747.3", "0"], ["65750.2", "0"], ["65753.2", "3.029"], ["65753.5", "3.026"], ["65754.2", "3.025"], ["65754.3", "3.030"], ["65754.5", "3.016"], ["65755.1", "3.010"], ["65755.2", "3.040"], ["65755.6", "3.013"], ["65755.9", "3.058"], ["65756.1", "3.028"], ["65756.7", "3.011"], ["65757.2", "3.042"], ["65757.6", "3.040"], ["65757.8", "3.024"], ["65758.2", "3.032"], ["65758.5", "3.049"], ["65758.7", "3.040"], ["65759.2", "3.011"], ["65759.3", "3.040"], ["65759.5", "3.026"], ["65759.6", "3.059"], ["65759.7", "3.011"], ["65759.8", "3.033"], ["65760.0", "3.026"], ["65760.3", "3.054"], ["65760.5", "3.046"], ["65761.1", "3.035"], ["65761.2", "3.037"], ["65761.6", "3.024"], ["65761.7", "3.040"], ["65761.8", "3.017"], ["65762.0", "3.020"], ["65762.2", "3.024"], ["65848.8", "45.641"], ["65881.7", "45.653"], ["65914.6", "45.625"], ["65980.4", "45.642"], ["66013.3", "45.649"], ["66046.2", "45.614"], ["66079.1", "45.662"], ["66112.0", "45.632"], ["66177.8", "45.629"], ["66210.7", "45.629"], ["66243.6", "45.648"], ["66276.5", "45.619"], ["66283.7", "0.003"], ["66284.1", "0.088"]], "bids": [["65747.1", "3.051"], ["65746.7", "3.038"], ["65744.9", "3.053"], ["65744.6", "3.046"], ["65744.4", "3.040"], ["65744.3", "3.043"], ["65744.1", "3.059"], ["65743.6", "3.051"], ["65743.4", "3.060"], ["65743.3", "3.038"], ["65743.2", "3.021"], ["65742.6", "3.034"], ["65742.1", "3.020"], ["65742.0", "3.053"], ["65741.6", "3.043"], ["65741.1", "3.060"], ["65740.1", "3.058"], ["65739.7", "3.033"], ["65739.6", "3.057"], ["65738.5", "3.060"], ["65738.4", "3.024"], ["65738.1", "3.043"], ["65738.0", "3.034"], ["65737.7", "3.017"], ["65737.6", "3.024"], ["65737.5", "3.052"], ["65737.2", "3.030"], ["65736.7", "3.048"], ["65736.2", "3.012"], ["65735.9", "3.011"], ["65735.7", "3.019"], ["65735.6", "3.013"], ["65735.5", "3.055"], ["65735.3", "3.046"], ["65734.8", "3.011"], ["65734.7", "3.049"], ["65734.6", "3.017"], ["65734.3", "3.012"], ["65651.3", "45.637"], ["65618.4", "45.663"], ["65585.5", "45.626"], ["65552.6", "45.656"], ["65519.7", "45.627"], ["65486.8", "45.617"], ["65453.9", "45.650"], ["65421.0", "45.649"], ["65322.3", "45.655"], ["65289.4", "45.648"], ["65256.5", "45.655"], ["65223.6", "45.663"], ["65190.7", "45.658"]], "checksum": 569976703, "ts": "1712099948759"}], "ts": 1712099948759, "_doc": "f9fb191b-a4e7-4ecb-8394-9a496568e274"}, {"action": "update", "arg": {"instType": "USDT-FUTURES", "channel": "books", "instId": "BTCUSDT"}, "data": [{"asks": [["65747.3", "0.043"], ["65750.2", "1.046"], ["65750.7", "0.014"], ["65753.2", "3.020"], ["65753.5", "3.053"], ["65754.2", "3.040"], ["65754.3", "3.028"], ["65754.5", "3.032"], ["65755.1", "3.044"], ["65755.2", "3.017"], ["65755.6", "3.049"], ["65756.1", "3.025"], ["65756.7", "3.035"], ["65757.2", "3.040"], ["65757.8", "3.059"], ["65758.2", "3.031"], ["65758.3", "3.022"], ["65758.5", "3.019"], ["65758.7", "3.023"], ["65759.2", "3.055"], ["65759.3", "3.029"], ["65759.5", "3.023"], ["65759.6", "3.039"], ["65759.8", "3.047"], ["65760.0", "3.050"], ["65760.2", "3.058"], ["65760.3", "3.055"], ["65760.5", "3.037"], ["65761.1", "3.055"], ["65761.2", "3.053"], ["65761.6", "3.056"], ["65761.7", "3.013"], ["65762.2", "3.049"], ["65762.3", "3.039"], ["65848.8", "45.660"], ["65881.7", "45.660"], ["65914.6", "45.632"], ["65947.5", "45.645"], ["65980.4", "45.664"], ["66013.3", "45.627"], ["66079.1", "45.627"], ["66112.0", "45.643"], ["66144.9", "45.636"], ["66177.8", "45.643"], ["66210.7", "45.657"], ["66243.6", "45.647"], ["66283.7", "0"]], "bids": [["65747.1", "3.011"], ["65746.7", "3.052"], ["65744.9", "3.059"], ["65744.6", "3.058"], ["65744.4", "3.025"], ["65744.3", "3.011"], ["65744.2", "3.048"], ["65744.1", "3.025"], ["65743.6", "3.012"], ["65743.4", "3.019"], ["65743.3", "3.042"], ["65742.7", "0"], ["65742.6", "3.054"], ["65742.1", "3.014"], ["65741.6", "3.014"], ["65741.1", "3.014"], ["65741.0", "3.048"], ["65740.1", "3.044"], ["65739.6", "3.046"], ["65738.5", "3.056"], ["65738.4", "3.052"], ["65738.1", "3.040"], ["65738.0", "3.045"], ["65737.9", "3.032"], ["65737.8", "3.055"], ["65737.7", "3.028"], ["65737.5", "3.058"], ["65737.2", "3.033"], ["65736.7", "3.033"], ["65735.9", "3.048"], ["65735.7", "3.049"], ["65735.6", "3.028"], ["65735.5", "3.015"], ["65735.3", "3.059"], ["65735.0", "3.043"], ["65734.8", "3.048"], ["65734.7", "3.051"], ["65734.6", "3.018"], ["65651.3", "45.655"], ["65618.4", "45.658"], ["65585.5", "45.645"], ["65552.6", "45.636"], ["65486.8", "45.618"], ["65421.0", "45.632"], ["65355.2", "45.625"], ["65322.3", "45.615"], ["65289.4", "45.663"], ["65256.5", "45.641"], ["65223.6", "45.631"], ["65157.8", "45.639"]], "checksum": 809818167, "ts": "1712099948660"}], "ts": 1712099948660, "_doc": "69701e56-b6bf-43da-87a6-a703df6671b4"}, {"action": "update", "arg": {"instType": "USDT-FUTURES", "channel": "books", "instId": "BTCUSDT"}, "data": [{"asks": [["65750.2", "1.000"], ["65751.5", "0"], ["65752.9", "5.056"], ["65753.2", "3.033"], ["65754.2", "3.051"], ["65754.3", "3.011"], ["65754.5", "3.034"], ["65755.1", "3.024"], ["65755.2", "3.039"], ["65755.9", "3.057"], ["65756.1", "3.048"], ["65756.7", "3.051"], ["65757.2", "3.012"], ["65757.6", "3.044"], ["65757.8", "3.028"], ["65758.2", "3.014"], ["65758.3", "3.046"], ["65758.5", "3.014"], ["65758.7", "3.049"], ["65759.2", "3.044"], ["65759.3", "3.019"], ["65759.5", "3.014"], ["65759.6", "3.012"], ["65759.7", "3.023"], ["65759.8", "3.044"], ["65760.2", "3.051"], ["65760.3", "3.018"], ["65760.4", "3.027"], ["65760.5", "3.053"], ["65761.1", "3.015"], ["65761.2", "3.013"], ["65761.6", "3.022"], ["65761.7", "3.020"], ["65761.8", "3.046"], ["65762.0", "3.035"], ["65762.2", "3.016"], ["65762.3", "3.016"], ["65848.8", "45.642"], ["65881.7", "45.647"], ["65914.6", "45.652"], ["65947.5", "45.635"], ["65980.4", "45.629"], ["66013.3", "45.659"], ["66046.2", "45.619"], ["66079.1", "45.641"], ["66112.0", "45.623"], ["66144.9", "45.626"], ["66177.8", "45.619"], ["66210.7", "45.617"], ["66243.6", "45.625"], ["66276.5", "45.621"]], "bids": [["65747.2", "8.088"], ["65747.1", "3.031"], ["65746.7", "3.040"], ["65744.6", "3.027"], ["65744.4", "3.013"], ["65744.3", "3.029"], ["65744.2", "3.060"], ["65744.1", "3.017"], ["65743.4", "3.021"], ["65743.3", "3.030"], ["65743.2", "3.047"], ["65742.7", "3.050"], ["65742.6", "3.024"], ["65742.1", "3.012"], ["65742.0", "3.031"], ["65741.6", "3.035"], ["65741.1", "3.030"], ["65741.0", "3.033"], ["65740.1", "3.059"], ["65739.7", "3.054"], ["65739.6", "3.022"], ["65738.5", "3.038"], ["65738.4", "3.035"], ["65738.1", "3.023"], ["65738.0", "3.047"], ["65737.8", "3.011"], ["65737.7", "3.052"], ["65737.6", "3.047"], ["65737.5", "3.039"], ["65737.2", "3.049"], ["65736.7", "3.015"], ["65736.2", "3.034"], ["65735.9", "3.017"], ["65735.6", "3.049"], ["65735.5", "3.056"], ["65735.3", "3.041"], ["65734.8", "3.024"], ["65734.7", "3.046"], ["65734.6", "3.046"], ["65734.3", "3.025"], ["65651.3", "45.644"], ["65618.4", "45.628"], ["65585.5", "45.633"], ["65552.6", "45.618"], ["65519.7", "45.642"], ["65453.9", "45.634"], ["65421.0", "45.641"], ["65388.1", "45.622"], ["65355.2", "45.643"], ["65322.3", "45.643"], ["65256.5", "45.639"], ["65223.6", "45.656"], ["65157.8", "45.630"]], "checksum": 1847958974, "ts": "1712099948547"}], "ts": 1712099948547, "_doc": "03b56e83-a1e7-4895-a74c-c533ee89cc3f"}, {"action": "update", "arg": {"instType": "USDT-FUTURES", "channel": "books", "instId": "BTCUSDT"}, "data": [{"asks": [["65750.7", "0.060"], ["65752.9", "4.678"], ["65753.2", "3.046"], ["65754.2", "3.028"], ["65754.3", "3.029"], ["65754.5", "3.057"], ["65755.1", "3.041"], ["65755.2", "3.034"], ["65755.9", "3.042"], ["65756.1", "3.014"], ["65757.2", "3.046"], ["65757.6", "3.015"], ["65757.8", "3.017"], ["65758.2", "3.032"], ["65758.3", "3.039"], ["65758.5", "3.047"], ["65758.7", "3.033"], ["65759.2", "3.032"], ["65759.3", "3.028"], ["65759.5", "3.021"], ["65759.7", "3.053"], ["65759.8", "3.015"], ["65760.0", "3.020"], ["65760.2", "3.049"], ["65760.3", "3.010"], ["65760.4", "3.051"], ["65760.5", "3.036"], ["65761.1", "3.054"], ["65761.2", "3.014"], ["65761.6", "3.056"], ["65761.7", "3.052"], ["65762.0", "3.027"], ["65762.2", "3.047"], ["65762.3", "3.051"], ["65848.8", "45.628"], ["65881.7", "45.622"], ["65914.6", "45.647"], ["65947.5", "45.647"], ["65980.4", "45.643"], ["66013.3", "45.644"], ["66046.2", "45.662"], ["66079.1", "45.662"], ["66177.8", "45.644"], ["66243.6", "45.658"]], "bids": [["65748.4", "0"], ["65747.1", "3.050"], ["65746.7", "3.036"], ["65744.9", "3.021"], ["65744.6", "3.044"], ["65744.4", "3.055"], ["65744.3", "3.015"], ["65744.2", "3.011"], ["65744.1", "3.016"], ["65743.3", "3.047"], ["65743.2", "3.029"], ["65742.7", "3.052"], ["65742.0", "3.015"], ["65741.6", "3.050"], ["65741.1", "3.028"], ["65741.0", "3.035"], ["65740.6", "0"], ["65740.1", "3.038"], ["65739.7", "3.033"], ["65739.6", "3.044"], ["65738.5", "3.029"], ["65738.4", "3.040"], ["65738.1", "3.044"], ["65738.0", "3.037"], ["65737.7", "3.041"], ["65737.6", "3.024"], ["65737.5", "3.020"], ["65736.2", "3.050"], ["65735.9", "3.018"], ["65735.7", "3.038"], ["65735.6", "3.057"], ["65735.5", "3.036"], ["65735.3", "3.021"], ["65735.0", "3.045"], ["65734.8", "3.048"], ["65734.7", "3.031"], ["65734.6", "3.021"], ["65734.3", "3.014"], ["65718.5", "0.004"], ["65651.3", "45.614"], ["65618.4", "45.639"], ["65585.5", "45.661"], ["65552.6", "45.622"], ["65519.7", "45.621"], ["65486.8", "45.634"], ["65421.0", "45.643"], ["65388.1", "45.653"], ["65355.2", "45.641"], ["65322.3", "45.619"], ["65289.4", "45.636"], ["65256.5", "45.650"], ["65223.6", "45.649"], ["65190.7", "45.641"], ["65157.8", "45.657"]], "checksum": 1720089104, "ts": "1712099948445"}], "ts": 1712099948445, "_doc": "c552b6e6-d866-400b-b8a1-1b0022e714c4"}, {"action": "update", "arg": {"instType": "USDT-FUTURES", "channel": "books", "instId": "BTCUSDT"}, "data": [{"asks": [["65750.7", "0.014"], ["65751.9", "0.246"], ["65752.8", "4.000"], ["65752.9", "4.300"], ["65753.5", "3.018"], ["65754.0", "8.412"], ["65754.2", "3.017"], ["65754.3", "3.015"], ["65754.5", "3.011"], ["65755.1", "3.024"], ["65755.2", "3.035"], ["65755.6", "3.057"], ["65755.9", "3.046"], ["65756.1", "3.012"], ["65756.7", "3.025"], ["65757.2", "3.057"], ["65757.6", "3.031"], ["65757.8", "3.043"], ["65758.2", "3.016"], ["65758.3", "3.031"], ["65758.5", "3.044"], ["65758.7", "3.011"], ["65759.1", "0"], ["65759.2", "3.044"], ["65759.3", "3.014"], ["65759.5", "3.035"], ["65759.6", "3.028"], ["65759.7", "3.045"], ["65759.8", "3.056"], ["65760.0", "3.057"], ["65760.2", "3.059"], ["65760.3", "3.036"], ["65760.4", "3.036"], ["65761.1", "3.015"], ["65761.2", "3.057"], ["65761.6", "3.040"], ["65761.7", "3.059"], ["65761.8", "3.021"], ["65762.0", "3.038"], ["65762.2", "3.028"], ["65848.8", "45.615"], ["65914.6", "45.653"], ["65947.5", "45.620"], ["65980.4", "45.641"], ["66013.3", "45.663"], ["66046.2", "45.633"], ["66079.1", "45.661"], ["66112.0", "45.657"], ["66144.9", "45.640"], ["66177.8", "45.661"], ["66243.6", "45.643"], ["66276.5", "45.632"]], "bids": [["65748.4", "0.544"], ["65747.1", "3.026"], ["65746.7", "3.042"], ["65744.9", "3.057"], ["65744.6", "3.024"], ["65744.4", "3.059"], ["65744.3", "3.059"], ["65744.2", "3.023"], ["65744.1", "3.028"], ["65744.0", "0"], ["65743.4", "3.042"], ["65743.3", "3.016"], ["65743.2", "3.017"], ["65742.7", "3.014"], ["65742.6", "3.049"], ["65742.0", "3.032"], ["65741.6", "3.013"], ["65741.1", "3.047"], ["65741.0", "3.010"], ["65740.1", "3.025"], ["65739.7", "3.034"], ["65739.6", "3.027"], ["65738.5", "3.055"], ["65738.4", "3.023"], ["65738.1", "3.056"], ["65738.0", "3.036"], ["65737.9", "3.026"], ["65737.8", "3.048"], ["65737.6", "3.050"], ["65737.5", "3.033"], ["65737.2", "3.032"], ["65736.7", "3.047"], ["65735.9", "3.024"], ["65735.7", "3.031"], ["65735.5", "3.017"], ["65735.3", "3.034"], ["65735.0", "3.015"], ["65734.8", "3.034"], ["65734.6", "3.027"], ["65618.4", "45.653"], ["65552.6", "45.637"], ["65519.7", "45.622"], ["65486.8", "45.625"], ["65453.9", "45.623"], ["65421.0", "45.655"], ["65388.1", "45.644"], ["65355.2", "45.663"], ["65322.3", "45.647"], ["65289.4", "45.624"], ["65256.5", "45.644"], ["65223.6", "45.632"], ["65190.7", "45.625"], ["65157.8", "45.638"]], "checksum": 865217140, "ts": "1712099948344"}], "ts": 1712099948344, "_doc": "223f1b4d-92b4-4f6f-976d-9b3e084f724a"}, {"action": "update", "arg": {"instType": "USDT-FUTURES", "channel": "books", "instId": "BTCUSDT"}, "data": [{"asks": [["65750.7", "0.060"], ["65751.5", "1.000"], ["65751.9", "0.743"], ["65752.0", "0.199"], ["65752.7", "0.400"], ["65752.9", "4.678"], ["65753.1", "2.000"], ["65753.2", "3.052"], ["65753.5", "3.039"], ["65754.0", "12.192"], ["65754.2", "3.034"], ["65754.3", "3.025"], ["65754.5", "3.027"], ["65755.1", "3.011"], ["65755.2", "3.012"], ["65755.6", "3.053"], ["65755.9", "3.019"], ["65756.1", "3.058"], ["65756.7", "3.048"], ["65757.2", "3.011"], ["65757.8", "3.029"], ["65758.2", "3.040"], ["65758.3", "3.025"], ["65758.5", "3.014"], ["65758.7", "3.036"], ["65759.1", "3.059"], ["65759.2", "3.058"], ["65759.3", "3.023"], ["65759.5", "3.046"], ["65759.6", "3.043"], ["65759.7", "3.052"], ["65759.8", "3.016"], ["65760.2", "3.036"], ["65760.3", "3.018"], ["65760.5", "3.015"], ["65760.9", "0"], ["65761.1", "3.010"], ["65761.2", "3.053"], ["65761.3", "8.121"], ["65761.6", "3.015"], ["65761.8", "3.033"], ["65762.0", "3.013"], ["65762.2", "3.042"], ["65762.3", "3.041"], ["65848.8", "45.655"], ["65881.7", "45.642"], ["65947.5", "45.642"], ["65980.4", "45.621"], ["66013.3", "45.647"], ["66046.2", "45.645"], ["66079.1", "45.626"], ["66112.0", "45.631"], ["66144.9", "45.643"], ["66177.8", "45.632"], ["66210.7", "45.632"], ["66243.6", "45.615"], ["66276.5", "45.655"], ["66284.1", "0"], ["66284.6", "0"], ["66285.0", "0"]], "bids": [["65747.3", "0"], ["65747.1", "3.038"], ["65746.7", "3.046"], ["65744.9", "3.055"], ["65744.4", "3.034"], ["65744.3", "3.015"], ["65744.2", "3.054"], ["65744.0", "3.015"], ["65743.4", "3.020"], ["65743.3", "3.035"], ["65743.2", "3.011"], ["65742.6", "3.037"], ["65742.1", "3.034"], ["65742.0", "3.050"], ["65741.6", "3.024"], ["65741.1", "3.059"], ["65741.0", "3.013"], ["65740.6", "3.790"], ["65740.1", "3.027"], ["65739.7", "3.011"], ["65739.6", "3.020"], ["65738.8", "10.059"], ["65738.5", "3.059"], ["65738.4", "3.046"], ["65738.1", "3.013"], ["65738.0", "3.037"], ["65737.7", "3.038"], ["65737.6", "3.038"], ["65737.5", "3.014"], ["65737.2", "3.050"], ["65736.7", "3.041"], ["65736.2", "3.018"], ["65736.1", "37.734"], ["65735.9", "3.043"], ["65735.7", "3.055"], ["65735.6", "3.028"], ["65735.5", "3.033"], ["65735.3", "3.020"], ["65735.0", "3.038"], ["65734.8", "3.018"], ["65734.7", "3.051"], ["65734.6", "3.013"], ["65734.3", "0"], ["65734.1", "0"], ["65734.0", "0"], ["65651.3", "45.662"], ["65618.4", "45.638"], ["65552.6", "45.649"], ["65519.7", "45.663"], ["65486.8", "45.614"], ["65453.9", "45.647"], ["65421.0", "45.640"], ["65388.1", "45.631"], ["65355.2", "45.621"], ["65322.3", "45.620"], ["65289.4", "45.615"], ["65256.5", "45.662"], ["65223.6", "45.655"], ["65190.7", "45.660"], ["65131.6", "0.001"]], "checksum": 1566522187, "ts": "1712099948241"}], "ts": 1712099948241, "_doc": "f309b137-ff33-497b-80b2-135bb118bea8"}, {"action": "update", "arg": {"instType": "USDT-FUTURES", "channel": "books", "instId": "BTCUSDT"}, "data": [{"asks": [["65750.7", "0.014"], ["65751.9", "0.246"], ["65752.0", "0.245"], ["65753.2", "3.023"], ["65753.5", "3.055"], ["65754.3", "3.053"], ["65755.1", "3.026"], ["65755.6", "3.057"], ["65755.9", "3.036"], ["65756.1", "3.018"], ["65757.6", "3.020"], ["65757.8", "3.054"], ["65758.2", "3.054"], ["65758.3", "3.057"], ["65758.5", "3.035"], ["65759.1", "3.054"], ["65759.2", "3.053"], ["65759.5", "3.023"], ["65759.7", "3.016"], ["65759.8", "3.054"], ["65760.0", "3.021"], ["65760.2", "3.012"], ["65760.4", "3.050"], ["65760.5", "3.043"], ["65761.1", "3.052"], ["65761.6", "3.013"], ["65762.0", "3.036"], ["65762.2", "3.044"], ["65848.8", "45.644"], ["65914.6", "45.661"], ["65947.5", "45.660"], ["65980.4", "45.657"], ["66079.1", "45.623"], ["66112.0", "45.651"], ["66177.8", "45.655"], ["66210.7", "45.628"], ["66243.6", "45.651"], ["66276.5", "45.619"], ["66285.3", "0"], ["66285.7", "0"]], "bids": [["65747.3", "1.310"], ["65747.1", "3.049"], ["65746.7", "3.035"], ["65744.6", "3.019"], ["65744.4", "3.014"], ["65744.3", "3.013"], ["65744.2", "3.038"], ["65744.0", "3.035"], ["65743.2", "3.054"], ["65742.6", "3.014"], ["65742.1", "3.033"], ["65742.0", "3.058"], ["65740.1", "3.038"], ["65739.7", "3.019"], ["65738.0", "3.026"], ["65737.7", "3.027"], ["65737.2", "3.030"], ["65735.5", "3.019"], ["65735.3", "3.033"], ["65734.7", "3.035"], ["65734.6", "3.050"], ["65734.3", "3.052"], ["65734.1", "3.038"], ["65718.3", "0"], ["65651.3", "45.633"], ["65618.4", "45.660"], ["65585.5", "45.648"], ["65552.6", "45.643"], ["65519.7", "45.634"], ["65453.9", "45.617"], ["65421.0", "45.627"], ["65388.1", "45.625"], ["65289.4", "45.640"], ["65256.5", "45.633"], ["65190.7", "45.627"], ["65157.8", "45.647"]], "checksum": -705564312, "ts": "1712099948137"}], "ts": 1712099948137, "_doc": "eb00092d-6d19-44b6-8f8d-94f964e7d6b7"}, {"action": "update", "arg": {"instType": "USDT-FUTURES", "channel": "books", "instId": "BTCUSDT"}, "data": [{"asks": [["65747.9", "0"], ["65748.4", "0"], ["65752.9", "4.845"], ["65753.1", "0"], ["65753.2", "3.044"], ["65753.5", "3.042"], ["65754.2", "3.026"], ["65754.3", "3.027"], ["65755.2", "3.030"], ["65755.6", "3.012"], ["65756.1", "3.053"], ["65757.2", "3.037"], ["65757.6", "3.047"], ["65757.8", "3.028"], ["65758.2", "3.015"], ["65758.3", "3.014"], ["65758.5", "3.053"], ["65758.7", "3.014"], ["65759.2", "3.028"], ["65759.3", "3.042"], ["65759.5", "3.059"], ["65759.6", "3.039"], ["65759.7", "3.056"], ["65759.8", "3.019"], ["65760.2", "3.023"], ["65760.3", "3.019"], ["65760.4", "3.013"], ["65760.5", "3.026"], ["65760.9", "3.031"], ["65761.1", "3.036"], ["65761.6", "3.054"], ["65761.8", "3.023"], ["65762.0", "3.052"], ["65762.2", "3.055"], ["65848.8", "45.629"], ["65881.7", "45.645"], ["65947.5", "45.632"], ["66013.3", "45.618"], ["66112.0", "45.627"], ["66177.8", "45.621"], ["66210.7", "45.658"], ["66276.5", "45.635"], ["66285.0", "0.100"], ["66285.3", "0.004"], ["66285.7", "0.001"]], "bids": [["65748.4", "0.550"], ["65747.2", "8.628"], ["65746.7", "3.049"], ["65744.9", "3.053"], ["65744.8", "0.368"], ["65744.6", "3.050"], ["65744.3", "3.028"], ["65744.2", "3.023"], ["65744.0", "3.017"], ["65743.7", "0"], ["65743.4", "3.033"], ["65743.2", "3.015"], ["65743.0", "0"], ["65742.7", "0"], ["65741.6", "3.043"], ["65741.1", "3.017"], ["65741.0", "3.017"], ["65740.9", "0"], ["65740.1", "3.012"], ["65739.7", "3.041"], ["65739.6", "3.014"], ["65738.5", "3.055"], ["65738.1", "3.033"], ["65737.9", "3.027"], ["65737.8", "3.028"], ["65737.7", "3.015"], ["65737.6", "3.050"], ["65736.2", "3.020"], ["65735.7", "3.038"], ["65735.6", "3.046"], ["65735.5", "3.037"], ["65735.3", "3.011"], ["65735.0", "3.014"], ["65734.8", "3.047"], ["65734.7", "3.047"], ["65734.6", "3.034"], ["65734.3", "3.031"], ["65734.1", "3.054"], ["65734.0", "4.330"], ["65651.3", "45.658"], ["65552.6", "45.661"], ["65519.7", "45.649"], ["65421.0", "45.616"], ["65388.1", "45.654"], ["65386.5", "0.005"], ["65355.2", "45.616"], ["65322.3", "45.650"], ["65289.4", "45.662"], ["65256.5", "45.659"], ["65223.6", "45.630"], ["65157.8", "45.662"], ["65131.6", "0"], ["65131.0", "0"], ["65130.4", "0"]], "checksum": -369032244, "ts": "1712099948027"}], "ts": 1712099948027, "_doc": "f2d9a867-9b73-4c88-b10d-a66fa1640d02"}, {"action": "update", "arg": {"instType": "USDT-FUTURES", "channel": "books", "instId": "BTCUSDT"}, "data": [{"asks": [["65747.9", "1.000"], ["65753.2", "3.022"], ["65753.5", "3.031"], ["65754.2", "3.058"], ["65754.3", "3.032"], ["65754.5", "3.026"], ["65755.1", "3.042"], ["65755.2", "3.058"], ["65755.6", "3.039"], ["65755.9", "3.023"], ["65756.1", "3.058"], ["65756.7", "3.039"], ["65757.2", "3.013"], ["65757.6", "3.031"], ["65757.8", "3.046"], ["65758.2", "3.010"], ["65758.3", "3.011"], ["65758.5", "3.030"], ["65758.7", "3.041"], ["65759.1", "3.040"], ["65759.2", "3.031"], ["65759.5", "3.033"], ["65759.6", "3.025"], ["65759.7", "3.034"], ["65759.8", "3.057"], ["65760.0", "3.056"], ["65760.2", "3.049"], ["65760.3", "3.044"], ["65760.4", "3.023"], ["65760.9", "3.037"], ["65761.1", "3.030"], ["65761.2", "3.039"], ["65761.8", "3.054"], ["65762.0", "3.037"], ["65762.2", "3.038"], ["65848.8", "45.641"], ["65914.6", "45.643"], ["65947.5", "45.615"], ["65980.4", "45.630"], ["66046.2", "45.647"], ["66052.0", "0.010"], ["66079.1", "45.659"], ["66243.6", "45.636"], ["66276.5", "45.643"], ["66285.0", "0"], ["66285.3", "0"]], "bids": [["65747.1", "3.019"], ["65746.7", "3.057"], ["65744.6", "3.044"], ["65744.4", "3.049"], ["65744.3", "3.039"], ["65744.1", "3.025"], ["65743.7", "3.031"], ["65743.4", "3.059"], ["65743.2", "3.026"], ["65743.0", "3.048"], ["65742.7", "3.043"], ["65742.6", "3.056"], ["65742.1", "3.018"], ["65742.0", "3.037"], ["65741.1", "3.045"], ["65741.0", "3.033"], ["65740.9", "3.044"], ["65739.7", "3.049"], ["65739.6", "3.056"], ["65738.5", "3.043"], ["65738.4", "3.027"], ["65738.1", "3.047"], ["65738.0", "3.038"], ["65737.9", "3.049"], ["65737.8", "3.049"], ["65737.7", "3.058"], ["65737.2", "3.043"], ["65736.7", "3.049"], ["65735.9", "3.039"], ["65735.6", "3.013"], ["65735.5", "3.023"], ["65735.3", "3.053"], ["65735.0", "3.023"], ["65734.8", "3.036"], ["65734.7", "3.011"], ["65734.6", "3.031"], ["65651.3", "45.627"], ["65618.4", "45.646"], ["65585.5", "45.629"], ["65552.6", "45.627"], ["65519.7", "45.616"], ["65486.8", "45.631"], ["65453.9", "45.633"], ["65421.0", "45.629"], ["65388.1", "45.631"], ["65387.5", "0"], ["65355.2", "45.655"], ["65322.3", "45.616"], ["65289.4", "45.621"], ["65256.5", "45.623"], ["65223.6", "45.640"], ["65157.8", "45.663"], ["65130.4", "0.011"]], "checksum": -695646756, "ts": "1712099947924"}], "ts": 1712099947924, "_doc": "d78adcaf-df1d-4f32-982c-6183cc1ff40a"}, {"action": "update", "arg": {"instType": "USDT-FUTURES", "channel": "books", "instId": "BTCUSDT"}, "data": [{"asks": [["65747.3", "0"], ["65753.2", "3.010"], ["65753.5", "3.053"], ["65754.2", "3.029"], ["65754.3", "3.021"], ["65754.5", "3.060"], ["65755.1", "3.039"], ["65755.2", "3.052"], ["65755.6", "3.016"], ["65755.9", "3.048"], ["65756.1", "3.054"], ["65756.7", "3.056"], ["65757.2", "3.059"], ["65757.6", "3.028"], ["65757.8", "3.028"], ["65758.2", "3.033"], ["65758.5", "3.015"], ["65758.7", "3.040"], ["65759.2", "3.046"], ["65759.3", "3.021"], ["65759.5", "3.032"], ["65759.6", "3.037"], ["65759.8", "3.025"], ["65760.0", "3.047"], ["65760.2", "3.010"], ["65760.3", "3.012"], ["65760.4", "3.024"], ["65760.5", "3.050"], ["65760.9", "3.052"], ["65761.1", "3.059"], ["65761.2", "3.032"], ["65761.6", "3.016"], ["65761.8", "3.039"], ["65762.0", "3.054"], ["65762.2", "3.024"], ["65847.0", "0.067"], ["65848.8", "45.627"], ["65881.7", "45.631"], ["65914.6", "45.615"], ["65947.5", "45.654"], ["65980.4", "45.659"], ["66013.3", "45.623"], ["66046.2", "45.639"], ["66079.1", "45.650"], ["66112.0", "45.642"], ["66144.9", "45.642"], ["66177.8", "45.635"], ["66210.7", "45.638"], ["66243.6", "45.655"], ["66276.5", "45.644"], ["66285.3", "0.004"]], "bids": [["65747.1", "3.048"], ["65744.9", "3.055"], ["65744.6", "3.011"], ["65744.4", "3.019"], ["65744.3", "3.033"], ["65744.1", "3.047"], ["65743.7", "3.042"], ["65743.4", "3.045"], ["65743.2", "3.024"], ["65743.0", "3.028"], ["65742.7", "3.024"], ["65742.6", "3.015"], ["65742.1", "3.041"], ["65742.0", "3.011"], ["65741.6", "3.029"], ["65741.1", "3.017"], ["65741.0", "3.060"], ["65740.9", "3.054"], ["65739.7", "3.024"], ["65739.6", "3.020"], ["65738.4", "3.053"], ["65738.1", "3.018"], ["65737.8", "3.059"], ["65737.7", "3.022"], ["65737.6", "3.030"], ["65737.2", "3.057"], ["65736.7", "3.036"], ["65736.2", "3.025"], ["65735.9", "3.056"], ["65735.7", "3.040"], ["65735.6", "3.021"], ["65735.5", "3.047"], ["65735.3", "3.041"], ["65735.0", "3.050"], ["65734.8", "3.055"], ["65734.7", "3.021"], ["65734.6", "3.012"], ["65734.1", "0"], ["65651.3", "45.650"], ["65618.4", "45.621"], ["65585.5", "45.632"], ["65552.6", "45.628"], ["65519.7", "45.652"], ["65486.8", "45.619"], ["65453.9", "45.646"], ["65421.0", "45.657"], ["65388.1", "45.643"], ["65355.2", "45.664"], ["65322.3", "45.647"], ["65289.4", "45.658"], ["65256.5", "45.622"], ["65223.6", "45.643"], ["65190.7", "45.645"], ["65157.8", "45.628"]], "checksum": -452584895, "ts": "1712099947825"}], "ts": 1712099947825, "_doc": "00ede622-9fb5-4555-ba35-118288ccd523"}, {"action": "update", "arg": {"instType": "USDT-FUTURES", "channel": "books", "instId": "BTCUSDT"}, "data": [{"asks": [["65753.2", "3.031"], ["65753.5", "3.059"], ["65754.2", "3.019"], ["65754.3", "3.023"], ["65755.1", "3.014"], ["65755.2", "3.060"], ["65755.6", "3.013"], ["65755.9", "3.026"], ["65756.1", "3.029"], ["65756.7", "3.051"], ["65757.2", "3.052"], ["65757.6", "3.036"], ["65757.8", "3.025"], ["65758.2", "3.038"], ["65758.3", "3.043"], ["65758.5", "3.052"], ["65758.7", "3.014"], ["65759.1", "3.025"], ["65759.5", "3.033"], ["65759.6", "3.048"], ["65759.7", "3.055"], ["65759.8", "3.017"], ["65760.0", "3.051"], ["65760.2", "3.039"], ["65760.3", "3.059"], ["65760.4", "3.027"], ["65760.5", "3.022"], ["65760.9", "3.023"], ["65761.1", "3.038"], ["65761.2", "3.024"], ["65881.7", "45.638"], ["65914.6", "45.644"], ["65947.5", "45.614"], ["65980.4", "45.614"], ["66046.2", "45.624"], ["66079.1", "45.641"], ["66112.0", "45.656"], ["66144.9", "45.643"], ["66177.8", "45.616"], ["66210.7", "45.625"], ["66243.6", "45.657"], ["66276.5", "45.652"]], "bids": [["65747.1", "3.016"], ["65746.7", "3.025"], ["65744.9", "3.042"], ["65744.4", "3.035"], ["65744.3", "3.044"], ["65744.2", "3.015"], ["65744.1", "3.042"], ["65743.7", "3.023"], ["65743.4", "3.042"], ["65743.2", "3.038"], ["65743.0", "3.052"], ["65742.7", "3.033"], ["65742.6", "3.028"], ["65742.0", "3.017"], ["65741.6", "3.051"], ["65741.1", "3.048"], ["65741.0", "3.019"], ["65740.9", "3.047"], ["65739.7", "3.030"], ["65739.6", "3.058"], ["65738.5", "3.051"], ["65738.4", "3.052"], ["65738.1", "3.059"], ["65738.0", "3.050"], ["65737.9", "3.024"], ["65737.8", "3.020"], ["65737.7", "3.037"], ["65737.2", "3.028"], ["65735.9", "3.036"], ["65735.7", "3.029"], ["65735.6", "3.058"], ["65735.5", "3.035"], ["65735.3", "3.052"], ["65735.0", "3.056"], ["65734.8", "3.034"], ["65734.7", "3.034"], ["65734.1", "3.016"], ["65651.3", "45.643"], ["65618.4", "45.633"], ["65585.5", "45.615"], ["65552.6", "45.660"], ["65519.7", "45.653"], ["65486.8", "45.635"], ["65453.9", "45.627"], ["65421.0", "45.660"], ["65388.1", "45.646"], ["65355.2", "45.634"], ["65322.3", "45.651"], ["65289.4", "45.632"], ["65256.5", "45.656"], ["65190.7", "45.634"], ["65157.8", "45.630"]], "checksum": -1656607029, "ts": "1712099947713"}], "ts": 1712099947713, "_doc": "934095f2-f661-45c5-93e4-45e0fa6b765d"}, {"action": "update", "arg": {"instType": "USDT-FUTURES", "channel": "books", "instId": "BTCUSDT"}, "data": [{"asks": [["65753.2", "3.019"], ["65753.5", "3.047"], ["65754.3", "3.037"], ["65754.5", "3.014"], ["65755.1", "3.021"], ["65755.2", "3.051"], ["65755.6", "3.019"], ["65755.9", "3.041"], ["65756.1", "3.057"], ["65756.7", "3.033"], ["65757.2", "3.039"], ["65757.6", "3.013"], ["65758.2", "3.037"], ["65758.3", "3.018"], ["65758.5", "3.043"], ["65758.7", "3.043"], ["65759.1", "3.045"], ["65759.2", "3.060"], ["65759.3", "3.054"], ["65759.5", "3.057"], ["65759.6", "3.013"], ["65759.7", "3.028"], ["65759.8", "3.046"], ["65760.0", "3.055"], ["65760.3", "3.054"], ["65760.4", "3.015"], ["65760.5", "3.017"], ["65760.9", "3.034"], ["65761.1", "3.021"], ["65761.2", "3.055"], ["65761.5", "4.449"], ["65761.6", "3.020"], ["65761.8", "3.042"], ["65762.0", "3.058"], ["65762.2", "3.022"], ["65848.8", "45.659"], ["65881.7", "45.622"], ["65914.6", "45.629"], ["65947.5", "45.644"], ["65980.4", "45.651"], ["66013.3", "45.622"], ["66079.1", "45.654"], ["66112.0", "45.630"], ["66144.9", "45.658"], ["66177.8", "45.647"], ["66210.7", "45.642"], ["66243.6", "45.645"], ["66276.5", "45.628"]], "bids": [["65747.2", "8.088"], ["65747.1", "3.013"], ["65745.3", "0"], ["65744.4", "3.017"], ["65744.3", "3.023"], ["65744.2", "3.054"], ["65744.1", "3.028"], ["65743.7", "3.027"], ["65743.4", "3.049"], ["65743.0", "3.035"], ["65742.7", "3.047"], ["65742.6", "3.015"], ["65742.1", "3.029"], ["65741.1", "3.045"], ["65741.0", "3.060"], ["65740.9", "3.027"], ["65739.7", "3.057"], ["65739.6", "3.016"], ["65738.4", "3.037"], ["65738.1", "3.021"], ["65738.0", "3.037"], ["65737.9", "3.014"], ["65737.8", "3.032"], ["65737.7", "3.013"], ["65737.6", "3.041"], ["65737.4", "0"], ["65737.2", "3.027"], ["65736.2", "3.052"], ["65735.9", "3.023"], ["65735.7", "3.014"], ["65735.6", "3.053"], ["65735.5", "3.055"], ["65735.3", "3.017"], ["65735.0", "3.017"], ["65734.9", "0"], ["65734.8", "3.022"], ["65734.7", "3.022"], ["65734.6", "3.045"], ["65734.1", "3.031"], ["65651.3", "45.660"], ["65618.4", "45.658"], ["65585.5", "45.644"], ["65486.8", "45.650"], ["65453.9", "45.663"], ["65421.0", "45.617"], ["65388.1", "45.625"], ["65355.2", "45.656"], ["65322.3", "45.625"], ["65289.4", "45.644"], ["65256.5", "45.623"], ["65223.6", "45.615"], ["65190.7", "45.663"], ["65157.8", "45.616"], ["65131.0", "0.007"]], "checksum": 921112966, "ts": "1712099947563"}], "ts": 1712099947563, "_doc": "27a46c2f-9068-423d-a993-7cab3ef0a7ae"}, {"action": "update", "arg": {"instType": "USDT-FUTURES", "channel": "books", "instId": "BTCUSDT"}, "data": [{"asks": [["65752.9", "5.037"], ["65753.1", "2.000"], ["65753.2", "3.034"], ["65753.5", "3.032"], ["65754.2", "3.047"], ["65754.3", "3.024"], ["65754.5", "3.011"], ["65755.1", "3.045"], ["65755.6", "3.051"], ["65755.9", "3.027"], ["65756.1", "3.016"], ["65756.7", "3.045"], ["65757.2", "3.014"], ["65757.6", "3.055"], ["65758.1", "0"], ["65758.2", "3.026"], ["65758.4", "0"], ["65758.5", "3.021"], ["65758.7", "3.032"], ["65758.8", "0"], ["65759.0", "3.088"], ["65759.1", "3.018"], ["65759.5", "3.019"], ["65759.6", "3.028"], ["65759.7", "3.012"], ["65760.0", "3.041"], ["65760.2", "3.018"], ["65760.3", "3.049"], ["65760.4", "3.050"], ["65760.5", "3.032"], ["65760.7", "0"], ["65760.8", "7.084"], ["65760.9", "3.039"], ["65761.1", "3.059"], ["65761.2", "3.013"], ["65761.6", "3.044"], ["65761.8", "3.018"], ["65762.0", "3.042"], ["65762.1", "8.893"], ["65762.2", "3.041"], ["65848.8", "45.622"], ["65881.7", "45.615"], ["65914.6", "45.615"], ["65947.5", "45.633"], ["65980.4", "45.622"], ["66013.3", "45.621"], ["66046.2", "45.623"], ["66144.9", "45.663"], ["66210.7", "45.661"], ["66243.6", "45.658"], ["66276.5", "45.648"], ["66285.3", "0"]], "bids": [["65747.2", "8.115"], ["65747.1", "3.011"], ["65746.7", "3.044"], ["65744.9", "3.048"], ["65744.4", "3.050"], ["65744.3", "3.044"], ["65744.2", "3.013"], ["65744.1", "3.040"], ["65743.4", "3.031"], ["65743.2", "3.033"], ["65742.7", "3.058"], ["65742.6", "3.013"], ["65742.1", "3.024"], ["65742.0", "3.029"], ["65741.6", "3.032"], ["65740.9", "3.026"], ["65740.1", "3.039"], ["65739.7", "3.046"], ["65739.6", "3.040"], ["65738.5", "3.038"], ["65738.4", "3.051"], ["65738.1", "3.017"], ["65738.0", "3.013"], ["65737.9", "3.049"], ["65737.8", "3.045"], ["65737.7", "3.025"], ["65737.6", "3.056"], ["65737.4", "3.015"], ["65737.2", "3.050"], ["65736.2", "3.027"], ["65735.9", "3.029"], ["65735.7", "3.057"], ["65735.6", "3.013"], ["65735.5", "3.031"], ["65735.3", "3.045"], ["65735.0", "3.030"], ["65734.8", "3.035"], ["65734.7", "3.053"], ["65734.6", "3.032"], ["65734.3", "0"], ["65726.6", "0.005"], ["65585.5", "45.657"], ["65552.6", "45.640"], ["65519.7", "45.652"], ["65453.9", "45.655"], ["65421.0", "45.662"], ["65388.1", "45.661"], ["65355.2", "45.647"], ["65322.3", "45.662"], ["65289.4", "45.628"], ["65190.7", "45.628"], ["65157.8", "45.620"], ["65131.0", "0"]], "checksum": 1178338010, "ts": "1712099947448"}], "ts": 1712099947448, "_doc": "1a32cb79-b527-4f11-b3f4-09c55801ab0a"}, {"action": "update", "arg": {"instType": "USDT-FUTURES", "channel": "books", "instId": "BTCUSDT"}, "data": [{"asks": [["65747.3", "0.497"], ["65747.9", "0"], ["65748.4", "0.260"], ["65752.9", "5.017"], ["65753.0", "0"], ["65753.5", "3.051"], ["65754.2", "3.039"], ["65754.3", "3.037"], ["65754.5", "3.030"], ["65755.1", "3.017"], ["65755.2", "3.038"], ["65755.6", "3.054"], ["65755.9", "3.036"], ["65756.1", "3.043"], ["65756.7", "3.060"], ["65757.2", "3.026"], ["65757.8", "3.052"], ["65758.1", "3.016"], ["65758.2", "3.043"], ["65758.3", "3.015"], ["65758.5", "3.020"], ["65758.7", "3.033"], ["65758.8", "3.016"], ["65759.1", "3.052"], ["65759.2", "3.016"], ["65759.3", "3.040"], ["65759.5", "3.057"], ["65759.6", "3.042"], ["65759.7", "3.035"], ["65759.8", "3.034"], ["65760.0", "3.034"], ["65760.2", "3.049"], ["65760.3", "3.050"], ["65760.4", "3.032"], ["65760.7", "3.055"], ["65761.1", "3.020"], ["65761.2", "3.035"], ["65761.6", "3.030"], ["65761.8", "3.020"], ["65881.7", "45.633"], ["65914.6", "45.664"], ["65947.5", "45.659"], ["65980.4", "45.655"], ["66013.3", "45.652"], ["66046.2", "45.636"], ["66079.1", "45.661"], ["66144.9", "45.622"], ["66177.8", "45.620"], ["66243.6", "45.647"], ["66276.5", "45.620"], ["66285.3", "0.004"]], "bids": [["65747.2", "3.023"], ["65747.1", "3.029"], ["65746.7", "3.052"], ["65744.9", "3.019"], ["65744.6", "3.023"], ["65744.4", "3.034"], ["65744.3", "3.028"], ["65744.2", "3.025"], ["65744.1", "3.021"], ["65743.2", "3.014"], ["65742.7", "3.035"], ["65742.6", "3.029"], ["65742.1", "3.046"], ["65742.0", "3.044"], ["65741.6", "3.020"], ["65741.1", "3.019"], ["65741.0", "3.038"], ["65740.9", "3.044"], ["65740.1", "3.031"], ["65739.7", "3.058"], ["65739.6", "3.010"], ["65738.5", "3.035"], ["65738.4", "3.054"], ["65738.0", "3.025"], ["65737.9", "3.048"], ["65737.8", "3.028"], ["65737.6", "3.048"], ["65737.2", "3.030"], ["65736.2", "3.031"], ["65735.6", "3.057"], ["65735.5", "3.044"], ["65735.3", "3.014"], ["65735.0", "3.049"], ["65734.8", "3.040"], ["65734.7", "3.059"], ["65734.6", "3.046"], ["65734.3", "3.013"], ["65734.1", "0"], ["65734.0", "0"], ["65651.3", "45.652"], ["65618.4", "45.618"], ["65585.5", "45.622"], ["65552.6", "45.636"], ["65519.7", "45.616"], ["65486.8", "45.661"], ["65453.9", "45.632"], ["65388.1", "45.650"], ["65355.2", "45.659"], ["65322.3", "45.617"], ["65289.4", "45.656"], ["65256.5", "45.635"], ["65190.7", "45.653"], ["65157.8", "45.636"]], "checksum": 1001200137, "ts": "1712099947349"}], "ts": 1712099947349, "_doc": "d0b850ca-e217-49cd-99b8-f4541e45b2fa"}, {"action": "update", "arg": {"instType": "USDT-FUTURES", "channel": "books", "instId": "BTCUSDT"}, "data": [{"asks": [["65747.9", "1.000"], ["65748.4", "0.741"], ["65753.0", "2.000"], ["65753.1", "0"], ["65753.5", "3.027"], ["65754.3", "3.016"], ["65754.5", "3.052"], ["65755.1", "3.031"], ["65755.2", "3.014"], ["65755.9", "3.017"], ["65756.1", "3.051"], ["65757.2", "3.054"], ["65757.8", "3.037"], ["65758.1", "3.046"], ["65758.2", "3.023"], ["65758.3", "3.042"], ["65758.4", "3.028"], ["65758.7", "3.010"], ["65758.8", "3.058"], ["65759.1", "3.017"], ["65759.2", "3.022"], ["65759.3", "3.034"], ["65759.6", "3.040"], ["65759.7", "3.030"], ["65760.0", "3.022"], ["65760.2", "3.036"], ["65760.3", "3.025"], ["65760.4", "3.014"], ["65760.9", "3.024"], ["65761.2", "3.047"], ["65761.6", "3.015"], ["65761.8", "3.052"], ["65848.8", "45.655"], ["65914.6", "45.652"], ["65980.4", "45.626"], ["66046.2", "45.652"], ["66112.0", "45.642"], ["66144.9", "45.655"], ["66177.8", "45.661"], ["66276.5", "45.617"], ["66285.3", "0"]], "bids": [["65747.2", "3.021"], ["65747.1", "3.057"], ["65746.7", "3.027"], ["65744.9", "3.033"], ["65744.6", "3.055"], ["65744.4", "3.021"], ["65744.3", "3.011"], ["65744.2", "3.039"], ["65744.1", "3.026"], ["65743.7", "3.033"], ["65743.4", "3.048"], ["65742.9", "0"], ["65742.6", "3.041"], ["65742.4", "0"], ["65742.0", "3.029"], ["65741.6", "3.026"], ["65741.0", "3.056"], ["65740.9", "3.020"], ["65740.1", "3.043"], ["65739.7", "3.050"], ["65739.6", "3.043"], ["65738.5", "3.030"], ["65738.4", "3.037"], ["65738.1", "3.024"], ["65738.0", "3.052"], ["65737.9", "3.022"], ["65737.8", "3.019"], ["65737.7", "3.048"], ["65737.6", "3.053"], ["65737.3", "3.790"], ["65737.2", "3.051"], ["65736.2", "3.032"], ["65735.9", "3.037"], ["65735.7", "3.052"], ["65735.6", "3.012"], ["65735.5", "3.012"], ["65735.3", "3.057"], ["65735.0", "3.017"], ["65734.9", "3.036"], ["65734.8", "3.020"], ["65734.6", "3.033"], ["65734.1", "3.034"], ["65734.0", "3.031"], ["65618.4", "45.645"], ["65552.6", "45.615"], ["65486.8", "45.649"], ["65388.1", "45.651"], ["65355.2", "45.648"], ["65322.3", "45.625"], ["65256.5", "45.619"], ["65223.6", "45.641"], ["65190.7", "45.651"], ["65157.8", "45.652"]], "checksum": -103834796, "ts": "1712099947248"}], "ts": 1712099947248, "_doc": "8215a5ea-af11-45aa-924f-1d51b4947fe3"}, {"action": "update", "arg": {"instType": "USDT-FUTURES", "channel": "books", "instId": "BTCUSDT"}, "data": [{"asks": [["65747.3", "0"], ["65748.4", "0.695"], ["65752.8", "2.000"], ["65753.1", "2.000"], ["65753.5", "3.029"], ["65753.9", "0"], ["65754.2", "3.051"], ["65754.3", "3.030"], ["65754.5", "3.023"], ["65755.1", "3.043"], ["65755.2", "3.040"], ["65755.6", "3.059"], ["65755.9", "3.041"], ["65756.1", "3.017"], ["65756.7", "3.047"], ["65757.2", "3.039"], ["65757.6", "3.031"], ["65757.8", "3.022"], ["65758.1", "3.016"], ["65758.2", "3.021"], ["65758.3", "3.025"], ["65758.4", "3.044"], ["65758.5", "3.036"], ["65758.7", "3.056"], ["65758.8", "3.049"], ["65759.1", "3.031"], ["65759.2", "3.045"], ["65759.3", "3.045"], ["65759.5", "3.033"], ["65759.6", "3.044"], ["65759.7", "3.013"], ["65759.8", "3.055"], ["65760.0", "3.054"], ["65760.2", "3.055"], ["65760.3", "3.039"], ["65760.4", "3.054"], ["65760.7", "3.034"], ["65760.8", "6.922"], ["65760.9", "3.046"], ["65761.1", "3.024"], ["65761.2", "3.031"], ["65761.6", "3.014"], ["65761.8", "3.057"], ["65848.8", "45.649"], ["65881.7", "45.651"], ["65914.6", "45.653"], ["65947.5", "45.638"], ["65980.4", "45.658"], ["66013.3", "45.653"], ["66046.2", "45.653"], ["66079.1", "45.642"], ["66112.0", "45.660"], ["66144.9", "45.643"], ["66177.8", "45.660"], ["66243.6", "45.618"], ["66276.5", "45.654"]], "bids": [["65747.2", "3.050"], ["65747.1", "3.023"], ["65746.7", "3.043"], ["65745.3", "0.007"], ["65744.9", "3.048"], ["65744.6", "3.020"], ["65744.3", "3.025"], ["65744.2", "3.056"], ["65744.1", "3.018"], ["65743.7", "3.048"], ["65743.4", "3.021"], ["65743.2", "3.037"], ["65742.9", "3.030"], ["65742.6", "3.055"], ["65742.4", "3.013"], ["65742.1", "3.030"], ["65741.6", "3.050"], ["65741.0", "3.029"], ["65740.1", "3.046"], ["65739.7", "3.031"], ["65739.6", "3.030"], ["65738.5", "3.047"], ["65738.4", "3.054"], ["65738.1", "3.013"], ["65738.0", "3.024"], ["65737.9", "3.041"], ["65737.7", "3.028"], ["65737.6", "3.014"], ["65737.2", "3.055"], ["65735.9", "3.059"], ["65735.7", "3.047"], ["65735.6", "3.024"], ["65735.5", "3.050"], ["65735.3", "3.031"], ["65735.0", "3.018"], ["65734.9", "3.055"], ["65734.8", "3.040"], ["65734.7", "3.054"], ["65734.6", "3.053"], ["65734.1", "3.036"], ["65734.0", "0"], ["65733.7", "0"], ["65651.3", "45.645"], ["65618.4", "45.658"], ["65585.5", "45.658"], ["65552.6", "45.629"], ["65519.7", "45.622"], ["65486.8", "45.617"], ["65453.9", "45.639"], ["65421.0", "45.635"], ["65388.1", "45.618"], ["65355.2", "45.623"], ["65322.3", "45.664"], ["65289.4", "45.622"], ["65256.5", "45.650"], ["65223.6", "45.655"], ["65190.7", "45.620"], ["65130.4", "0"]], "checksum": 31905677, "ts": "1712099947144"}], "ts": 1712099947144, "_doc": "9488e742-7657-4982-87ce-ee62e2ff58fc"}, {"action": "update", "arg": {"instType": "USDT-FUTURES", "channel": "books", "instId": "BTCUSDT"}, "data": [{"asks": [["65747.3", "0.497"], ["65754.3", "3.017"], ["65754.4", "0"], ["65755.1", "3.050"], ["65755.2", "3.046"], ["65755.6", "3.052"], ["65755.9", "3.029"], ["65756.1", "3.043"], ["65756.7", "3.019"], ["65757.2", "3.050"], ["65757.6", "3.017"], ["65757.8", "3.030"], ["65758.1", "3.018"], ["65758.2", "3.059"], ["65758.3", "3.032"], ["65758.4", "3.047"], ["65758.5", "3.012"], ["65758.7", "3.050"], ["65758.8", "3.052"], ["65759.1", "3.014"], ["65759.2", "3.054"], ["65759.3", "3.034"], ["65759.5", "3.036"], ["65759.6", "3.032"], ["65759.7", "3.012"], ["65759.8", "3.024"], ["65760.2", "3.050"], ["65760.3", "3.028"], ["65760.4", "3.043"], ["65760.7", "3.026"], ["65760.9", "3.031"], ["65761.1", "3.050"], ["65761.2", "3.047"], ["65761.6", "3.039"], ["65761.8", "3.049"], ["65848.8", "45.643"], ["65881.7", "45.622"], ["65914.6", "45.618"], ["65947.5", "45.627"], ["65980.4", "45.624"], ["66013.3", "45.661"], ["66046.2", "45.626"], ["66079.1", "45.655"], ["66112.0", "45.629"], ["66144.9", "45.624"], ["66177.8", "45.633"], ["66210.7", "45.625"], ["66276.5", "45.649"], ["66285.3", "0.004"]], "bids": [["65747.2", "3.014"], ["65747.1", "3.019"], ["65746.7", "3.044"], ["65744.9", "3.059"], ["65744.6", "3.049"], ["65744.4", "3.048"], ["65744.3", "3.029"], ["65744.2", "3.027"], ["65744.1", "3.056"], ["65743.4", "3.014"], ["65742.6", "3.010"], ["65742.1", "3.057"], ["65742.0", "3.041"], ["65741.8", "0"], ["65741.6", "3.049"], ["65741.1", "0"], ["65741.0", "3.024"], ["65739.7", "3.028"], ["65739.6", "3.015"], ["65738.4", "3.031"], ["65738.1", "3.035"], ["65738.0", "3.013"], ["65737.9", "3.045"], ["65737.8", "3.041"], ["65737.7", "3.039"], ["65737.6", "3.021"], ["65737.4", "0"], ["65737.2", "3.012"], ["65737.0", "0"], ["65736.7", "0"], ["65736.2", "3.022"], ["65735.9", "3.019"], ["65735.7", "3.024"], ["65735.6", "3.035"], ["65735.5", "3.056"], ["65735.3", "3.019"], ["65735.0", "3.056"], ["65734.8", "3.023"], ["65734.7", "3.013"], ["65734.6", "3.015"], ["65734.3", "3.030"], ["65734.1", "3.056"], ["65734.0", "3.018"], ["65733.7", "3.043"], ["65651.3", "45.620"], ["65618.4", "45.651"], ["65585.5", "45.651"], ["65552.6", "45.639"], ["65519.7", "45.640"], ["65453.9", "45.648"], ["65421.0", "45.645"], ["65355.2", "45.659"], ["65322.3", "45.659"], ["65256.5", "45.614"], ["65223.6", "45.639"], ["65190.7", "45.615"], ["65157.8", "45.654"]], "checksum": 1341305126, "ts": "1712099947025"}], "ts": 1712099947025, "_doc": "86ea1c14-dce9-498d-8057-156d2801d8a4"}, {"action": "update", "arg": {"instType": "USDT-FUTURES", "channel": "books", "instId": "BTCUSDT"}, "data": [{"asks": [["65753.5", "3.027"], ["65754.2", "3.013"], ["65754.5", "3.041"], ["65755.1", "3.058"], ["65755.2", "3.023"], ["65755.6", "3.014"], ["65755.9", "3.040"], ["65756.1", "3.031"], ["65756.7", "3.039"], ["65757.2", "3.021"], ["65757.6", "3.029"], ["65757.8", "3.037"], ["65758.1", "3.043"], ["65758.2", "3.035"], ["65758.3", "3.046"], ["65758.4", "3.053"], ["65758.5", "3.052"], ["65758.7", "3.055"], ["65758.8", "3.050"], ["65759.1", "3.029"], ["65759.2", "3.030"], ["65759.3", "3.022"], ["65759.5", "3.023"], ["65759.6", "3.039"], ["65759.7", "3.042"], ["65759.8", "3.044"], ["65760.0", "3.030"], ["65760.2", "3.011"], ["65760.3", "3.040"], ["65760.4", "3.030"], ["65760.9", "3.037"], ["65761.1", "3.035"], ["65761.2", "3.027"], ["65761.6", "3.056"], ["65761.8", "3.045"], ["65848.8", "45.625"], ["65881.7", "45.639"], ["65914.6", "45.631"], ["65947.5", "45.628"], ["65980.4", "45.646"], ["66013.3", "45.645"], ["66046.2", "45.655"], ["66079.1", "45.626"], ["66112.0", "45.631"], ["66144.9", "45.638"], ["66177.8", "45.631"], ["66210.7", "45.663"], ["66243.6", "45.647"], ["66276.5", "45.635"]], "bids": [["65747.1", "3.010"], ["65746.7", "3.021"], ["65744.9", "3.030"], ["65744.6", "3.029"], ["65744.4", "3.011"], ["65744.3", "3.040"], ["65744.2", "3.012"], ["65744.1", "3.012"], ["65743.7", "3.018"], ["65743.4", "3.057"], ["65743.2", "3.013"], ["65742.9", "3.024"], ["65742.6", "3.036"], ["65742.4", "3.053"], ["65742.0", "3.048"], ["65741.8", "3.041"], ["65741.6", "3.029"], ["65741.1", "3.057"], ["65741.0", "3.039"], ["65740.9", "3.021"], ["65740.1", "3.019"], ["65739.7", "3.034"], ["65739.6", "3.044"], ["65738.4", "3.046"], ["65738.1", "3.057"], ["65737.9", "3.023"], ["65737.8", "3.032"], ["65737.7", "3.025"], ["65737.6", "3.018"], ["65737.4", "3.039"], ["65737.2", "3.044"], ["65737.0", "3.017"], ["65736.7", "3.019"], ["65736.2", "3.054"], ["65735.6", "3.021"], ["65735.5", "3.059"], ["65735.3", "3.016"], ["65735.0", "3.027"], ["65734.8", "3.034"], ["65734.7", "3.050"], ["65651.3", "45.653"], ["65552.6", "45.659"], ["65519.7", "45.638"], ["65486.8", "45.652"], ["65453.9", "45.662"], ["65421.0", "45.634"], ["65388.1", "45.630"], ["65355.2", "45.660"], ["65289.4", "45.655"], ["65256.5", "45.657"], ["65223.6", "45.660"], ["65190.7", "45.632"], ["65157.8", "45.630"]], "checksum": -141234280, "ts": "1712099946908"}], "ts": 1712099946908, "_doc": "405945bb-7e5d-4d3c-b83f-e8e583987f7a"}, {"action": "update", "arg": {"instType": "USDT-FUTURES", "channel": "books", "instId": "BTCUSDT"}, "data": [{"asks": [["65747.3", "0.543"], ["65753.5", "3.016"], ["65754.2", "3.041"], ["65754.3", "3.038"], ["65754.5", "3.030"], ["65755.1", "3.024"], ["65755.2", "3.057"], ["65755.6", "3.029"], ["65756.1", "3.053"], ["65756.7", "3.020"], ["65757.2", "3.022"], ["65757.6", "3.031"], ["65757.8", "3.058"], ["65758.1", "3.029"], ["65758.2", "3.018"], ["65758.3", "3.029"], ["65758.4", "3.027"], ["65758.5", "3.021"], ["65758.7", "3.054"], ["65758.8", "3.042"], ["65759.1", "3.052"], ["65759.2", "3.016"], ["65759.3", "3.016"], ["65759.5", "3.040"], ["65759.7", "3.029"], ["65759.8", "3.011"], ["65760.0", "3.029"], ["65760.2", "3.051"], ["65760.3", "3.056"], ["65760.4", "3.013"], ["65760.7", "3.027"], ["65760.8", "6.890"], ["65760.9", "3.049"], ["65761.1", "3.033"], ["65761.2", "3.012"], ["65761.6", "3.047"], ["65761.8", "3.043"], ["65848.8", "45.660"], ["65881.7", "45.616"], ["65914.6", "45.627"], ["65947.5", "45.652"], ["65980.4", "45.629"], ["66013.3", "45.631"], ["66046.2", "45.652"], ["66079.1", "45.655"], ["66112.0", "45.625"], ["66144.9", "45.634"], ["66210.7", "45.623"], ["66276.5", "45.659"]], "bids": [["65747.2", "3.029"], ["65747.1", "3.053"], ["65746.7", "3.032"], ["65744.4", "3.053"], ["65744.3", "3.026"], ["65744.2", "3.048"], ["65744.1", "3.024"], ["65743.7", "3.019"], ["65743.4", "3.022"], ["65743.2", "3.022"], ["65742.9", "3.045"], ["65742.6", "3.058"], ["65742.1", "3.016"], ["65742.0", "3.026"], ["65741.8", "3.057"], ["65741.6", "3.050"], ["65740.9", "3.059"], ["65740.1", "3.022"], ["65739.7", "3.052"], ["65739.6", "3.033"], ["65738.4", "3.013"], ["65738.1", "3.045"], ["65738.0", "3.039"], ["65737.9", "3.034"], ["65737.8", "3.029"], ["65737.7", "3.014"], ["65737.4", "3.041"], ["65737.2", "3.017"], ["65737.0", "3.011"], ["65736.7", "3.058"], ["65736.2", "3.015"], ["65735.9", "3.023"], ["65735.7", "3.037"], ["65735.6", "3.047"], ["65735.5", "3.036"], ["65735.3", "3.060"], ["65734.7", "3.048"], ["65651.3", "45.616"], ["65618.4", "45.640"], ["65585.5", "45.635"], ["65552.6", "45.639"], ["65519.7", "45.660"], ["65453.9", "45.628"], ["65421.0", "45.623"], ["65388.1", "45.649"], ["65355.2", "45.616"], ["65289.4", "45.617"], ["65256.5", "45.626"], ["65223.6", "45.648"]], "checksum": -790665741, "ts": "1712099946808"}], "ts": 1712099946808, "_doc": "a1131880-42be-452e-9147-a2b21d4c0269"}, {"action": "update", "arg": {"instType": "USDT-FUTURES", "channel": "books", "instId": "BTCUSDT"}, "data": [{"asks": [["65748.4", "3.701"], ["65753.5", "3.033"], ["65754.2", "3.057"], ["65754.3", "3.014"], ["65754.5", "3.053"], ["65755.1", "3.022"], ["65755.2", "3.059"], ["65755.6", "3.025"], ["65755.9", "3.052"], ["65756.1", "3.029"], ["65756.7", "3.051"], ["65757.2", "3.056"], ["65757.6", "3.015"], ["65757.8", "3.031"], ["65758.1", "3.045"], ["65758.2", "3.020"], ["65758.3", "3.059"], ["65758.5", "3.050"], ["65758.7", "3.037"], ["65758.8", "3.057"], ["65759.1", "3.059"], ["65759.2", "3.023"], ["65759.3", "3.038"], ["65759.5", "3.036"], ["65759.6", "3.017"], ["65759.8", "3.048"], ["65760.0", "3.051"], ["65760.2", "3.018"], ["65760.3", "3.053"], ["65760.4", "3.046"], ["65760.7", "3.059"], ["65761.1", "3.044"], ["65761.2", "3.046"], ["65761.6", "3.022"], ["65761.8", "3.045"], ["65848.8", "45.632"], ["65881.7", "45.652"], ["65914.6", "45.614"], ["65947.5", "45.631"], ["65980.4", "45.659"], ["66013.3", "45.617"], ["66046.2", "45.624"], ["66079.1", "45.657"], ["66144.9", "45.652"], ["66276.5", "45.640"]], "bids": [["65747.2", "3.019"], ["65747.1", "3.030"], ["65744.9", "3.041"], ["65744.6", "3.049"], ["65744.4", "3.031"], ["65744.3", "3.022"], ["65744.2", "3.013"], ["65744.1", "3.048"], ["65743.7", "3.058"], ["65743.4", "3.039"], ["65743.2", "3.056"], ["65742.9", "3.029"], ["65742.6", "3.020"], ["65742.4", "3.013"], ["65742.1", "3.044"], ["65742.0", "3.015"], ["65741.8", "3.014"], ["65741.6", "3.059"], ["65741.0", "3.026"], ["65740.9", "3.016"], ["65740.1", "3.050"], ["65739.7", "3.019"], ["65739.6", "3.057"], ["65738.4", "3.024"], ["65738.1", "3.033"], ["65737.9", "3.020"], ["65737.8", "3.014"], ["65737.7", "3.058"], ["65737.6", "3.054"], ["65737.4", "3.019"], ["65737.2", "3.021"], ["65737.0", "3.022"], ["65736.7", "3.013"], ["65736.2", "3.043"], ["65735.9", "3.036"], ["65735.6", "3.025"], ["65735.5", "3.013"], ["65735.3", "3.011"], ["65735.0", "3.023"], ["65734.8", "3.049"], ["65651.3", "45.663"], ["65618.4", "45.619"], ["65552.6", "45.623"], ["65519.7", "45.619"], ["65486.8", "45.631"], ["65453.9", "45.623"], ["65388.1", "45.620"], ["65322.3", "45.654"], ["65289.4", "45.646"], ["65256.5", "45.655"], ["65223.6", "45.630"], ["65190.7", "45.646"]], "checksum": -273711702, "ts": "1712099946696"}], "ts": 1712099946696, "_doc": "16bad61a-49ec-4388-b6c5-56db258a1825"}, {"action": "update", "arg": {"instType": "USDT-FUTURES", "channel": "books", "instId": "BTCUSDT"}, "data": [{"asks": [["65747.3", "0.497"], ["65752.9", "5.544"], ["65753.2", "3.768"], ["65753.5", "3.020"], ["65754.0", "12.446"], ["65754.2", "3.043"], ["65754.3", "3.051"], ["65754.5", "3.036"], ["65755.1", "3.039"], ["65755.2", "3.020"], ["65755.9", "3.030"], ["65756.1", "3.019"], ["65756.7", "3.015"], ["65757.2", "3.045"], ["65757.8", "3.046"], ["65758.1", "3.043"], ["65758.2", "3.046"], ["65758.3", "3.019"], ["65758.4", "3.015"], ["65758.5", "3.025"], ["65758.7", "3.025"], ["65758.8", "3.035"], ["65759.1", "3.018"], ["65759.2", "3.018"], ["65759.3", "3.037"], ["65759.5", "3.021"], ["65759.6", "3.013"], ["65759.7", "3.050"], ["65759.8", "3.049"], ["65760.0", "3.050"], ["65760.2", "3.031"], ["65760.3", "3.040"], ["65760.4", "3.041"], ["65760.7", "3.045"], ["65760.9", "3.015"], ["65761.1", "3.013"], ["65761.2", "3.012"], ["65761.5", "4.038"], ["65761.6", "3.039"], ["65761.8", "3.032"], ["65762.0", "0"], ["65848.8", "45.618"], ["65881.7", "45.649"], ["65914.6", "45.642"], ["65947.5", "45.658"], ["65980.4", "45.616"], ["66013.3", "45.643"], ["66046.2", "45.649"], ["66079.1", "45.664"], ["66112.0", "45.617"], ["66144.9", "45.664"], ["66210.7", "45.631"], ["66243.6", "45.637"], ["66276.5", "45.629"]], "bids": [["65747.2", "3.036"], ["65747.1", "3.048"], ["65746.7", "3.014"], ["65744.9", "3.023"], ["65744.6", "3.017"], ["65744.4", "3.043"], ["65744.3", "3.048"], ["65744.2", "3.047"], ["65744.1", "3.013"], ["65744.0", "0"], ["65743.7", "3.053"], ["65743.4", "3.026"], ["65743.2", "3.048"], ["65742.9", "3.017"], ["65742.6", "3.043"], ["65742.4", "3.054"], ["65742.1", "3.022"], ["65742.0", "3.024"], ["65741.8", "3.027"], ["65741.6", "3.010"], ["65741.1", "3.027"], ["65741.0", "3.012"], ["65740.9", "3.029"], ["65740.1", "3.031"], ["65739.6", "3.051"], ["65738.8", "10.216"], ["65738.4", "3.012"], ["65738.1", "3.052"], ["65738.0", "3.024"], ["65737.9", "3.035"], ["65737.8", "3.049"], ["65737.7", "3.024"], ["65737.6", "3.058"], ["65737.4", "3.020"], ["65737.2", "3.023"], ["65737.0", "3.060"], ["65736.7", "3.034"], ["65736.2", "3.044"], ["65736.1", "38.366"], ["65735.9", "3.044"], ["65735.7", "3.022"], ["65735.6", "3.056"], ["65735.5", "3.035"], ["65735.3", "3.043"], ["65735.0", "3.022"], ["65734.8", "3.019"], ["65734.7", "3.031"], ["65734.6", "0"], ["65734.3", "0"], ["65734.1", "0"], ["65734.0", "0"], ["65733.7", "0"], ["65651.3", "45.638"], ["65585.5", "45.642"], ["65552.6", "45.646"], ["65519.7", "45.625"], ["65486.8", "45.637"], ["65453.9", "45.643"], ["65421.0", "45.647"], ["65388.1", "45.641"], ["65355.2", "45.635"], ["65322.3", "45.635"], ["65289.4", "45.614"], ["65256.5", "45.641"], ["65223.6", "45.649"], ["65190.7", "45.647"], ["65157.8", "45.652"]], "checksum": -38067848, "ts": "1712099946595"}], "ts": 1712099946595, "_doc": "dc54a14c-8159-42ba-acd6-c6805cc0989f"}, {"action": "update", "arg": {"instType": "USDT-FUTURES", "channel": "books", "instId": "BTCUSDT"}, "data": [{"asks": [["65748.4", "3.747"], ["65753.5", "3.035"], ["65754.3", "3.032"], ["65754.5", "3.055"], ["65755.1", "3.054"], ["65755.2", "3.041"], ["65755.6", "3.048"], ["65755.9", "3.021"], ["65756.7", "3.045"], ["65757.2", "3.049"], ["65757.6", "3.029"], ["65757.8", "3.010"], ["65758.1", "3.048"], ["65758.2", "3.020"], ["65758.3", "3.057"], ["65758.4", "3.011"], ["65758.5", "3.017"], ["65758.7", "3.016"], ["65758.9", "0"], ["65759.1", "3.014"], ["65759.2", "3.057"], ["65759.3", "3.014"], ["65759.5", "3.013"], ["65759.6", "3.036"], ["65759.7", "3.027"], ["65759.8", "3.033"], ["65760.0", "3.044"], ["65760.2", "3.035"], ["65760.3", "3.018"], ["65760.4", "3.019"], ["65760.7", "3.043"], ["65760.8", "8.402"], ["65760.9", "3.010"], ["65761.1", "3.018"], ["65761.5", "4.055"], ["65761.6", "3.030"], ["65761.8", "3.018"], ["65761.9", "3.293"], ["65762.0", "3.057"], ["65881.7", "45.634"], ["65914.6", "45.619"], ["65947.5", "45.614"], ["65980.4", "45.663"], ["66013.3", "45.632"], ["66046.2", "45.628"], ["66079.1", "45.616"], ["66144.9", "45.651"], ["66177.8", "45.632"], ["66243.6", "45.630"]], "bids": [["65747.2", "3.056"], ["65747.1", "3.035"], ["65746.8", "0"], ["65746.7", "3.019"], ["65745.1", "0"], ["65744.9", "3.050"], ["65744.6", "3.038"], ["65744.4", "3.030"], ["65744.3", "3.012"], ["65744.2", "3.025"], ["65744.1", "3.052"], ["65744.0", "3.027"], ["65743.7", "3.058"], ["65743.4", "3.038"], ["65743.2", "3.023"], ["65743.1", "0"], ["65742.2", "0"], ["65742.1", "3.038"], ["65742.0", "3.011"], ["65741.8", "3.058"], ["65741.6", "3.042"], ["65741.1", "3.012"], ["65741.0", "3.060"], ["65740.1", "3.045"], ["65739.7", "3.049"], ["65739.6", "3.060"], ["65737.8", "3.041"], ["65737.7", "3.011"], ["65737.6", "3.023"], ["65737.2", "3.060"], ["65737.0", "3.034"], ["65736.7", "3.059"], ["65736.2", "3.037"], ["65735.7", "3.025"], ["65735.6", "3.050"], ["65735.5", "3.013"], ["65735.3", "3.027"], ["65735.1", "0"], ["65735.0", "3.057"], ["65734.8", "3.012"], ["65734.7", "3.035"], ["65734.3", "3.055"], ["65734.0", "3.035"], ["65733.7", "3.055"], ["65651.3", "45.635"], ["65618.4", "45.655"], ["65552.6", "45.618"], ["65519.7", "45.621"], ["65486.8", "45.614"], ["65421.0", "45.620"], ["65388.1", "45.642"], ["65355.2", "45.658"], ["65322.3", "45.648"], ["65289.4", "45.619"], ["65256.5", "45.615"], ["65223.6", "45.661"], ["65190.7", "45.631"], ["65157.8", "45.639"]], "checksum": -1823574605, "ts": "1712099946459"}], "ts": 1712099946459, "_doc": "e60d3166-6964-4c43-bd5b-108331c01e3e"}, {"action": "update", "arg": {"instType": "USDT-FUTURES", "channel": "books", "instId": "BTCUSDT"}, "data": [{"asks": [["65748.4", "3.984"], ["65752.9", "5.527"], ["65753.2", "10.664"], ["65753.5", "3.053"], ["65754.0", "12.570"], ["65754.3", "3.045"], ["65754.5", "3.012"], ["65755.2", "3.032"], ["65755.7", "0"], ["65755.9", "3.046"], ["65756.1", "3.050"], ["65756.7", "3.023"], ["65757.2", "3.038"], ["65757.6", "3.058"], ["65757.8", "3.053"], ["65758.1", "3.050"], ["65758.2", "3.023"], ["65758.3", "3.036"], ["65758.5", "3.051"], ["65758.7", "3.049"], ["65758.8", "3.046"], ["65758.9", "11.809"], ["65759.0", "3.250"], ["65759.1", "3.023"], ["65759.2", "3.023"], ["65759.3", "3.041"], ["65759.5", "3.052"], ["65759.6", "3.059"], ["65759.7", "3.012"], ["65759.8", "3.024"], ["65760.0", "3.058"], ["65760.3", "3.030"], ["65760.4", "3.044"], ["65760.7", "3.017"], ["65760.8", "3.016"], ["65760.9", "3.033"], ["65761.0", "4.222"], ["65761.1", "3.025"], ["65761.2", "3.019"], ["65761.3", "8.283"], ["65761.6", "3.044"], ["65761.8", "3.024"], ["65762.0", "3.021"], ["65762.1", "0"], ["65762.4", "0"], ["65762.5", "0"], ["65762.6", "0"], ["65762.8", "0"], ["65763.1", "0"], ["65763.2", "0"], ["65763.3", "0"], ["65848.8", "45.637"], ["65849.9", "0"], ["65881.7", "45.652"], ["65882.8", "0"], ["65914.6", "45.633"], ["65915.7", "0"], ["65947.5", "45.654"], ["65948.6", "0"], ["65980.4", "45.642"], ["65981.5", "0"], ["66013.3", "45.659"], ["66014.4", "0"], ["66046.2", "45.653"], ["66047.3", "0"], ["66079.1", "45.631"], ["66080.2", "0"], ["66112.0", "45.627"], ["66113.1", "0"], ["66144.9", "45.647"], ["66146.0", "0"], ["66177.8", "45.626"], ["66178.9", "0.022"], ["66210.7", "45.647"], ["66211.8", "0"], ["66243.6", "45.614"], ["66244.7", "0"], ["66276.5", "45.654"], ["66277.6", "0"]], "bids": [["65748.3", "0"], ["65748.0", "0"], ["65747.5", "0"], ["65747.4", "0"], ["65747.3", "0"], ["65747.2", "3.043"], ["65746.8", "3.036"], ["65746.7", "3.038"], ["65744.9", "3.045"], ["65744.6", "3.051"], ["65744.5", "0"], ["65744.3", "3.040"], ["65744.2", "3.053"], ["65743.7", "3.045"], ["65743.6", "0"], ["65743.4", "3.266"], ["65743.2", "3.058"], ["65743.1", "3.017"], ["65742.6", "3.047"], ["65742.4", "3.037"], ["65742.1", "3.012"], ["65741.8", "3.033"], ["65741.6", "3.024"], ["65741.0", "3.024"], ["65740.9", "3.039"], ["65740.1", "3.029"], ["65740.0", "0"], ["65739.7", "3.028"], ["65739.6", "3.018"], ["65738.6", "0"], ["65738.4", "3.034"], ["65737.8", "3.012"], ["65737.7", "3.030"], ["65737.6", "3.028"], ["65737.2", "3.057"], ["65737.0", "3.043"], ["65736.7", "3.032"], ["65736.2", "3.024"], ["65735.9", "3.038"], ["65735.7", "3.011"], ["65735.6", "3.024"], ["65735.5", "3.057"], ["65735.3", "3.041"], ["65735.0", "3.049"], ["65734.8", "3.032"], ["65734.7", "3.050"], ["65734.6", "3.012"], ["65734.3", "3.029"], ["65734.1", "3.012"], ["65652.4", "0"], ["65651.3", "45.658"], ["65619.5", "0"], ["65618.4", "45.631"], ["65586.6", "0"], ["65585.5", "45.659"], ["65553.7", "0"], ["65552.6", "45.632"], ["65520.8", "0.001"], ["65519.7", "45.643"], ["65487.9", "0"], ["65486.8", "45.642"], ["65455.0", "0"], ["65453.9", "45.633"], ["65422.1", "0"], ["65421.0", "45.636"], ["65389.2", "0"], ["65388.1", "45.621"], ["65356.3", "0"], ["65355.2", "45.639"], ["65323.4", "0"], ["65322.3", "45.647"], ["65290.5", "0"], ["65289.4", "45.650"], ["65257.6", "0"], ["65256.5", "45.657"], ["65224.7", "0"], ["65223.6", "45.658"], ["65191.8", "0"], ["65190.7", "45.654"], ["65158.9", "0"], ["65157.8", "45.625"], ["65128.7", "0"]], "checksum": -407114928, "ts": "1712099946343"}], "ts": 1712099946343, "_doc": "1b2ee05e-d2b9-43c0-8175-4baf75100b6f"}, {"action": "update", "arg": {"instType": "USDT-FUTURES", "channel": "books", "instId": "BTCUSDT"}, "data": [{"asks": [["65748.4", "1.644"], ["65752.0", "0.199"], ["65752.1", "0"], ["65754.0", "4.382"], ["65754.3", "3.033"], ["65754.5", "3.055"], ["65754.6", "0"], ["65755.1", "3.039"], ["65755.6", "3.032"], ["65755.7", "3.047"], ["65755.9", "3.054"], ["65756.1", "3.025"], ["65756.7", "3.052"], ["65757.2", "3.022"], ["65757.6", "3.037"], ["65757.8", "3.013"], ["65758.0", "0.006"], ["65758.2", "3.028"], ["65758.3", "3.057"], ["65758.7", "3.029"], ["65759.2", "3.025"], ["65759.3", "3.047"], ["65759.6", "3.028"], ["65759.7", "3.043"], ["65759.8", "3.054"], ["65760.2", "3.020"], ["65760.3", "3.041"], ["65760.4", "3.026"], ["65761.1", "20.076"], ["65761.2", "3.042"], ["65761.6", "3.016"], ["65761.8", "3.042"], ["65762.0", "3.032"], ["65762.6", "3.027"], ["65762.8", "3.059"], ["65763.1", "3.027"], ["65763.3", "3.015"], ["65849.9", "45.633"], ["65882.8", "45.629"], ["65915.7", "45.620"], ["65948.6", "45.653"], ["66014.4", "45.617"], ["66047.3", "45.644"], ["66080.2", "45.613"], ["66113.1", "45.640"], ["66146.0", "45.657"], ["66178.9", "45.625"], ["66244.7", "45.659"], ["66285.0", "0.100"]], "bids": [["65748.3", "3.048"], ["65748.0", "3.012"], ["65747.4", "3.037"], ["65747.2", "3.041"], ["65747.1", "3.037"], ["65746.8", "3.040"], ["65744.9", "3.050"], ["65744.6", "3.018"], ["65744.5", "3.060"], ["65744.4", "3.059"], ["65744.3", "3.033"], ["65744.2", "3.036"], ["65744.1", "3.033"], ["65743.6", "3.046"], ["65743.2", "3.043"], ["65743.1", "3.033"], ["65742.7", "0"], ["65742.6", "3.021"], ["65742.2", "3.028"], ["65742.1", "3.020"], ["65742.0", "0"], ["65741.8", "3.032"], ["65741.7", "0"], ["65741.6", "3.045"], ["65741.0", "3.030"], ["65740.9", "3.050"], ["65740.1", "3.012"], ["65740.0", "3.034"], ["65739.7", "3.054"], ["65739.6", "3.025"], ["65739.5", "0"], ["65738.6", "5.972"], ["65738.5", "0"], ["65738.4", "3.020"], ["65737.8", "3.046"], ["65737.7", "0"], ["65737.4", "3.030"], ["65737.2", "3.050"], ["65737.0", "3.025"], ["65736.7", "3.027"], ["65736.2", "3.032"], ["65735.7", "3.052"], ["65735.6", "3.016"], ["65735.5", "3.822"], ["65735.3", "3.060"], ["65735.1", "9.357"], ["65731.6", "0.006"], ["65652.4", "45.629"], ["65619.5", "45.625"], ["65553.7", "45.648"], ["65520.8", "45.617"], ["65487.9", "45.627"], ["65455.0", "45.629"], ["65422.1", "45.622"], ["65389.2", "45.618"], ["65356.3", "45.631"], ["65323.4", "45.625"], ["65290.5", "45.615"], ["65257.6", "45.617"], ["65224.7", "45.617"], ["65191.8", "45.621"], ["65158.9", "45.615"], ["65126.7", "0"]], "checksum": -570820359, "ts": "1712099946236"}], "ts": 1712099946236, "_doc": "a1ba6da1-f549-4938-9673-9d58974bce6b"}, {"action": "update", "arg": {"instType": "USDT-FUTURES", "channel": "books", "instId": "BTCUSDT"}, "data": [{"asks": [["65748.4", "0.392"], ["65752.0", "0.245"], ["65753.9", "0.400"], ["65754.2", "2.000"], ["65754.3", "3.021"], ["65754.4", "2.000"], ["65754.5", "3.019"], ["65755.0", "0"], ["65755.1", "3.036"], ["65755.2", "3.051"], ["65755.6", "3.026"], ["65755.7", "3.014"], ["65755.9", "3.021"], ["65756.1", "3.042"], ["65756.7", "3.032"], ["65757.2", "3.011"], ["65757.6", "3.031"], ["65757.9", "0"], ["65758.3", "3.034"], ["65758.5", "3.020"], ["65758.7", "3.046"], ["65759.3", "3.022"], ["65759.6", "3.016"], ["65759.8", "3.018"], ["65760.3", "3.010"], ["65760.4", "3.014"], ["65760.8", "3.018"], ["65761.0", "3.047"], ["65761.1", "3.026"], ["65761.2", "3.028"], ["65761.8", "3.039"], ["65762.0", "3.013"], ["65762.5", "3.022"], ["65762.6", "3.042"], ["65763.1", "3.052"], ["65849.9", "45.621"], ["65882.8", "45.619"], ["65915.7", "45.619"], ["65948.6", "45.617"], ["65981.5", "45.636"], ["66014.4", "45.656"], ["66047.3", "45.623"], ["66080.2", "45.625"], ["66113.1", "45.615"], ["66146.0", "45.632"], ["66178.9", "45.618"], ["66244.7", "45.616"], ["66277.6", "45.655"], ["66285.0", "0"], ["66285.3", "0"]], "bids": [["65747.5", "3.055"], ["65747.4", "3.040"], ["65747.2", "3.011"], ["65746.9", "0"], ["65746.8", "3.057"], ["65746.7", "3.023"], ["65744.9", "3.015"], ["65744.6", "3.056"], ["65744.5", "3.034"], ["65744.4", "3.030"], ["65744.3", "3.046"], ["65744.2", "3.025"], ["65744.1", "3.036"], ["65743.6", "3.011"], ["65743.2", "3.025"], ["65743.1", "3.029"], ["65742.7", "3.057"], ["65742.6", "3.045"], ["65742.1", "3.036"], ["65741.8", "3.047"], ["65741.7", "3.017"], ["65741.0", "3.025"], ["65740.9", "3.024"], ["65740.1", "3.037"], ["65740.0", "3.035"], ["65739.7", "3.051"], ["65739.6", "3.032"], ["65738.5", "3.036"], ["65737.6", "3.032"], ["65737.4", "3.048"], ["65737.2", "3.023"], ["65736.7", "3.056"], ["65736.2", "3.046"], ["65735.9", "3.042"], ["65735.7", "3.018"], ["65735.6", "3.013"], ["65731.5", "0"], ["65652.4", "45.638"], ["65619.5", "45.656"], ["65586.6", "45.623"], ["65520.8", "45.660"], ["65487.9", "45.616"], ["65455.0", "45.660"], ["65422.1", "45.654"], ["65389.2", "45.625"], ["65356.3", "45.648"], ["65323.4", "45.619"], ["65290.5", "45.631"], ["65257.6", "45.663"], ["65224.7", "45.619"], ["65191.8", "45.652"], ["65158.9", "45.635"], ["65128.7", "0.003"], ["65126.7", "0.017"]], "checksum": 1581080445, "ts": "1712099946132"}], "ts": 1712099946132, "_doc": "ffdfe4d0-85f5-4e30-996a-7d444965e028"}, {"action": "update", "arg": {"instType": "USDT-FUTURES", "channel": "books", "instId": "BTCUSDT"}, "data": [{"asks": [["65754.3", "3.012"], ["65754.5", "3.058"], ["65755.1", "3.013"], ["65755.2", "3.047"], ["65755.7", "3.025"], ["65755.9", "3.016"], ["65756.1", "3.050"], ["65756.7", "3.013"], ["65757.2", "3.050"], ["65757.6", "3.047"], ["65758.3", "3.016"], ["65758.5", "3.058"], ["65758.7", "3.030"], ["65759.2", "3.039"], ["65759.3", "3.049"], ["65759.5", "3.040"], ["65759.6", "3.028"], ["65759.8", "3.047"], ["65760.3", "3.038"], ["65760.4", "3.026"], ["65760.8", "3.036"], ["65761.1", "3.013"], ["65761.2", "3.033"], ["65761.6", "3.047"], ["65761.8", "3.024"], ["65762.0", "3.035"], ["65762.6", "3.041"], ["65763.1", "3.013"], ["65763.3", "3.036"], ["65849.9", "45.637"], ["65882.8", "45.663"], ["65915.7", "45.655"], ["65948.6", "45.645"], ["65981.5", "45.614"], ["66014.4", "45.659"], ["66047.3", "45.649"], ["66080.2", "45.650"], ["66146.0", "45.650"], ["66178.9", "45.624"], ["66244.7", "45.636"], ["66277.6", "45.661"]], "bids": [["65748.4", "0"], ["65748.0", "3.043"], ["65747.5", "3.029"], ["65747.4", "3.056"], ["65747.2", "3.033"], ["65746.8", "3.053"], ["65746.7", "3.055"], ["65744.9", "3.014"], ["65744.6", "3.022"], ["65744.5", "3.053"], ["65744.4", "3.055"], ["65744.3", "3.011"], ["65744.2", "3.044"], ["65744.1", "3.019"], ["65743.6", "3.036"], ["65743.2", "3.043"], ["65743.1", "3.051"], ["65742.7", "3.055"], ["65742.6", "3.025"], ["65742.1", "3.053"], ["65742.0", "4.222"], ["65741.9", "0"], ["65741.8", "3.012"], ["65741.7", "3.037"], ["65741.6", "3.016"], ["65741.0", "3.042"], ["65740.9", "3.048"], ["65740.1", "3.051"], ["65740.0", "3.058"], ["65739.8", "0"], ["65739.6", "3.016"], ["65738.5", "3.038"], ["65737.8", "3.058"], ["65737.7", "3.051"], ["65737.6", "3.050"], ["65737.4", "3.016"], ["65737.2", "3.054"], ["65736.7", "3.019"], ["65735.9", "3.031"], ["65735.7", "3.058"], ["65735.6", "3.029"], ["65735.5", "0"], ["65732.6", "0"], ["65652.4", "45.619"], ["65619.5", "45.626"], ["65586.6", "45.617"], ["65553.7", "45.637"], ["65520.8", "45.658"], ["65422.1", "45.616"], ["65389.2", "45.647"], ["65356.3", "45.660"], ["65323.4", "45.658"], ["65257.6", "45.651"], ["65224.7", "45.628"], ["65191.8", "45.646"], ["65158.9", "45.616"], ["65131.0", "0.007"], ["65130.4", "0.011"]], "checksum": 657592985, "ts": "1712099946012"}], "ts": 1712099946012, "_doc": "a20c7d86-49c5-46b4-8aa1-f74a223cad0e"}, {"action": "update", "arg": {"instType": "USDT-FUTURES", "channel": "books", "instId": "BTCUSDT"}, "data": [{"asks": [["65754.3", "3.033"], ["65754.5", "3.037"], ["65755.1", "3.015"], ["65755.2", "3.012"], ["65755.6", "3.025"], ["65755.7", "3.043"], ["65755.9", "3.035"], ["65756.1", "3.013"], ["65756.7", "3.014"], ["65757.2", "3.039"], ["65757.6", "3.020"], ["65757.8", "3.042"], ["65758.2", "3.033"], ["65758.3", "3.044"], ["65758.4", "0"], ["65758.5", "3.052"], ["65758.7", "3.041"], ["65759.3", "3.016"], ["65759.6", "3.040"], ["65759.7", "3.032"], ["65759.8", "3.049"], ["65760.2", "3.041"], ["65760.3", "3.056"], ["65760.4", "3.034"], ["65760.8", "3.017"], ["65761.0", "3.017"], ["65761.1", "3.034"], ["65761.2", "3.014"], ["65761.6", "3.060"], ["65762.0", "3.033"], ["65762.6", "3.018"], ["65762.8", "3.027"], ["65763.1", "3.042"], ["65763.3", "3.011"], ["65763.4", "0"], ["65763.7", "0"], ["65820.8", "0.103"], ["65849.9", "45.663"], ["65915.7", "45.617"], ["65948.6", "45.634"], ["65981.5", "45.651"], ["66014.4", "45.644"], ["66047.3", "45.646"], ["66080.2", "45.658"], ["66146.0", "45.634"], ["66178.9", "45.640"], ["66211.8", "45.632"], ["66244.7", "45.654"], ["66277.6", "45.636"]], "bids": [["65748.0", "3.056"], ["65747.5", "3.045"], ["65747.4", "3.027"], ["65747.2", "3.052"], ["65746.8", "3.032"], ["65746.7", "3.014"], ["65744.9", "3.029"], ["65744.6", "3.048"], ["65744.5", "3.011"], ["65744.4", "3.012"], ["65744.3", "3.037"], ["65744.1", "3.044"], ["65743.6", "3.041"], ["65743.1", "3.049"], ["65742.7", "3.012"], ["65742.6", "3.037"], ["65742.1", "3.040"], ["65741.8", "3.022"], ["65741.7", "3.054"], ["65741.0", "3.050"], ["65740.9", "3.038"], ["65740.1", "3.024"], ["65740.0", "3.055"], ["65739.7", "3.026"], ["65739.6", "3.058"], ["65738.5", "3.048"], ["65738.4", "3.763"], ["65737.7", "3.016"], ["65737.6", "3.028"], ["65737.4", "3.050"], ["65737.2", "3.044"], ["65736.2", "3.054"], ["65735.7", "3.013"], ["65735.6", "3.048"], ["65735.3", "0"], ["65735.1", "0"], ["65734.7", "0"], ["65734.6", "0"], ["65619.5", "45.631"], ["65586.6", "45.651"], ["65553.7", "45.652"], ["65520.8", "45.641"], ["65487.9", "45.643"], ["65455.0", "45.630"], ["65422.1", "45.618"], ["65389.2", "45.621"], ["65257.6", "45.640"], ["65224.7", "45.623"], ["65131.6", "0.001"]], "checksum": -1620150343, "ts": "1712099945908"}], "ts": 1712099945908, "_doc": "5b8c131a-0229-4d67-9e1f-6c953c9ffb8b"}, {"action": "update", "arg": {"instType": "USDT-FUTURES", "channel": "books", "instId": "BTCUSDT"}, "data": [{"asks": [["65752.0", "0.303"], ["65754.0", "3.815"], ["65754.5", "3.016"], ["65755.1", "3.039"], ["65755.2", "3.033"], ["65755.7", "3.053"], ["65756.7", "3.046"], ["65757.2", "3.028"], ["65757.6", "3.052"], ["65757.8", "3.015"], ["65758.2", "3.049"], ["65758.3", "3.043"], ["65758.4", "3.036"], ["65758.5", "3.053"], ["65758.7", "3.026"], ["65759.2", "3.027"], ["65759.3", "3.013"], ["65759.5", "3.052"], ["65759.6", "3.015"], ["65759.7", "3.014"], ["65760.2", "3.010"], ["65760.3", "3.059"], ["65760.4", "3.020"], ["65760.8", "3.056"], ["65761.0", "3.045"], ["65761.1", "3.031"], ["65761.2", "3.010"], ["65761.8", "3.025"], ["65762.0", "3.050"], ["65762.6", "3.043"], ["65762.8", "3.046"], ["65763.3", "3.032"], ["65763.4", "3.026"], ["65849.9", "45.661"], ["65882.8", "45.652"], ["65915.7", "45.631"], ["65948.6", "45.627"], ["65981.5", "45.639"], ["66014.4", "45.623"], ["66047.3", "45.633"], ["66080.2", "45.636"], ["66113.1", "45.632"], ["66146.0", "45.629"], ["66178.9", "45.641"], ["66211.8", "45.621"], ["66277.6", "45.662"]], "bids": [["65748.0", "3.027"], ["65747.4", "3.045"], ["65747.2", "3.022"], ["65746.9", "0.368"], ["65746.8", "3.021"], ["65745.1", "22.836"], ["65744.9", "3.049"], ["65744.6", "3.010"], ["65744.4", "3.060"], ["65744.3", "3.021"], ["65744.1", "3.052"], ["65743.7", "0"], ["65743.6", "3.025"], ["65743.1", "3.038"], ["65742.7", "3.033"], ["65742.1", "3.059"], ["65741.9", "3.023"], ["65741.8", "3.034"], ["65741.6", "3.058"], ["65741.0", "3.024"], ["65740.9", "3.026"], ["65740.1", "3.013"], ["65739.8", "4.222"], ["65739.7", "3.011"], ["65739.6", "3.033"], ["65737.8", "3.041"], ["65737.7", "3.053"], ["65737.6", "3.037"], ["65737.4", "3.029"], ["65737.2", "3.026"], ["65736.7", "3.050"], ["65736.2", "3.038"], ["65735.9", "3.027"], ["65735.6", "3.027"], ["65735.3", "3.049"], ["65734.7", "3.018"], ["65734.3", "0"], ["65734.1", "0"], ["65733.8", "0"], ["65619.5", "45.627"], ["65586.6", "45.629"], ["65553.7", "45.618"], ["65520.8", "45.662"], ["65487.9", "45.661"], ["65455.0", "45.646"], ["65422.1", "45.650"], ["65389.2", "45.623"], ["65356.3", "45.644"], ["65323.4", "45.630"], ["65290.5", "45.640"], ["65257.6", "45.614"], ["65224.7", "45.659"], ["65191.8", "45.634"], ["65158.9", "45.642"]], "checksum": -1998196061, "ts": "1712099945804"}], "ts": 1712099945804, "_doc": "95d52e4a-e58b-4c4f-a414-76e35eb33236"}, {"action": "update", "arg": {"instType": "USDT-FUTURES", "channel": "books", "instId": "BTCUSDT"}, "data": [{"asks": [["65754.0", "3.438"], ["65754.5", "3.014"], ["65755.2", "3.014"], ["65755.7", "3.036"], ["65756.7", "3.019"], ["65757.2", "3.059"], ["65757.6", "3.051"], ["65757.8", "3.041"], ["65758.2", "3.055"], ["65758.4", "3.059"], ["65758.5", "3.023"], ["65758.7", "3.056"], ["65759.2", "3.014"], ["65759.3", "3.033"], ["65759.5", "3.039"], ["65759.6", "3.053"], ["65759.7", "3.044"], ["65759.8", "3.023"], ["65760.2", "3.044"], ["65760.3", "3.039"], ["65760.4", "3.055"], ["65760.8", "3.039"], ["65761.0", "3.030"], ["65761.1", "3.022"], ["65761.2", "3.049"], ["65761.6", "3.030"], ["65761.8", "3.060"], ["65762.0", "3.047"], ["65762.5", "3.025"], ["65762.6", "3.010"], ["65762.8", "3.021"], ["65763.1", "3.014"], ["65763.3", "3.046"], ["65763.4", "3.042"], ["65763.7", "3.023"], ["65763.9", "0"], ["65764.0", "0"], ["65849.9", "45.629"], ["65882.8", "45.616"], ["65915.7", "45.643"], ["65948.6", "45.640"], ["66047.3", "45.655"], ["66080.2", "45.637"], ["66113.1", "45.633"], ["66211.8", "45.639"], ["66277.6", "45.648"]], "bids": [["65748.4", "0.216"], ["65748.3", "7.786"], ["65747.4", "3.042"], ["65747.2", "0.368"], ["65746.8", "3.027"], ["65744.9", "3.011"], ["65744.4", "3.023"], ["65744.3", "3.027"], ["65744.1", "3.030"], ["65743.6", "3.053"], ["65742.7", "3.015"], ["65742.6", "3.017"], ["65742.1", "3.026"], ["65741.9", "3.054"], ["65741.8", "3.051"], ["65741.0", "3.010"], ["65740.1", "3.023"], ["65740.0", "3.032"], ["65739.7", "3.014"], ["65739.6", "3.052"], ["65738.5", "3.034"], ["65737.8", "3.045"], ["65737.7", "3.029"], ["65737.6", "3.038"], ["65737.4", "3.043"], ["65737.2", "3.010"], ["65736.7", "3.014"], ["65736.2", "3.016"], ["65735.9", "3.011"], ["65735.7", "3.026"], ["65735.6", "3.020"], ["65735.3", "3.051"], ["65734.7", "3.015"], ["65734.6", "3.049"], ["65734.3", "3.053"], ["65734.1", "3.015"], ["65733.7", "0"], ["65652.4", "45.658"], ["65619.5", "45.656"], ["65586.6", "45.654"], ["65553.7", "45.648"], ["65520.8", "45.631"], ["65487.9", "45.618"], ["65455.0", "45.647"], ["65389.2", "45.639"], ["65356.3", "45.659"], ["65323.4", "45.662"], ["65290.5", "45.651"], ["65257.6", "45.637"], ["65191.8", "45.627"], ["65131.6", "0"], ["65131.0", "0"]], "checksum": -924011111, "ts": "1712099945694"}], "ts": 1712099945694, "_doc": "a51d8567-5e62-4fe1-bfc0-93f357953d3a"}, {"action": "update", "arg": {"instType": "USDT-FUTURES", "channel": "books", "instId": "BTCUSDT"}, "data": [{"asks": [["65754.0", "4.193"], ["65755.0", "2.000"], ["65755.1", "3.037"], ["65755.2", "3.054"], ["65755.7", "3.059"], ["65757.2", "3.023"], ["65757.6", "3.033"], ["65757.8", "3.057"], ["65758.2", "3.051"], ["65758.3", "3.045"], ["65758.4", "3.048"], ["65758.5", "3.021"], ["65758.7", "3.035"], ["65759.2", "3.044"], ["65759.3", "3.044"], ["65759.5", "3.057"], ["65759.6", "3.029"], ["65759.7", "3.057"], ["65759.8", "3.014"], ["65760.2", "3.059"], ["65760.3", "3.024"], ["65760.4", "3.022"], ["65760.8", "3.019"], ["65761.0", "3.035"], ["65761.1", "3.033"], ["65761.2", "3.054"], ["65761.6", "3.057"], ["65761.8", "3.027"], ["65762.0", "3.013"], ["65762.5", "3.046"], ["65763.1", "3.054"], ["65763.4", "3.018"], ["65763.7", "3.012"], ["65763.9", "3.045"], ["65764.0", "3.250"], ["65764.3", "0"], ["65764.6", "0"], ["65764.7", "0"], ["65764.8", "0"], ["65849.9", "45.652"], ["65882.8", "45.643"], ["65915.7", "45.629"], ["65948.6", "45.620"], ["65981.5", "45.654"], ["66014.4", "45.638"], ["66113.1", "45.655"], ["66146.0", "45.652"], ["66178.9", "45.660"], ["66285.7", "0"]], "bids": [["65748.4", "0"], ["65748.3", "8.337"], ["65747.5", "0.332"], ["65747.4", "3.022"], ["65746.8", "3.056"], ["65744.9", "3.034"], ["65744.4", "3.045"], ["65744.3", "3.024"], ["65744.1", "3.051"], ["65743.6", "3.013"], ["65743.5", "0"], ["65742.7", "3.050"], ["65742.5", "0"], ["65742.1", "3.060"], ["65741.9", "3.010"], ["65741.8", "3.026"], ["65741.6", "3.020"], ["65740.1", "3.055"], ["65740.0", "3.020"], ["65739.7", "3.030"], ["65739.6", "3.018"], ["65739.4", "0"], ["65738.5", "3.059"], ["65737.8", "3.023"], ["65737.7", "3.039"], ["65737.6", "3.023"], ["65737.4", "3.021"], ["65737.2", "3.028"], ["65736.7", "3.038"], ["65736.2", "3.055"], ["65735.9", "3.053"], ["65735.7", "3.016"], ["65735.6", "3.032"], ["65735.3", "3.033"], ["65734.8", "0"], ["65734.7", "3.029"], ["65734.6", "3.043"], ["65734.1", "3.029"], ["65733.8", "3.024"], ["65733.7", "3.050"], ["65619.5", "45.614"], ["65586.6", "45.662"], ["65553.7", "45.616"], ["65520.8", "45.658"], ["65487.9", "45.622"], ["65455.0", "45.630"], ["65422.1", "45.623"], ["65356.3", "45.660"], ["65323.4", "45.633"], ["65290.5", "45.615"], ["65257.6", "45.661"], ["65224.7", "45.640"], ["65191.8", "45.613"], ["65158.9", "45.641"]], "checksum": -2137769502, "ts": "1712099945580"}], "ts": 1712099945580, "_doc": "77520614-3f3c-46ba-ade2-114aa158879d"}, {"action": "update", "arg": {"instType": "USDT-FUTURES", "channel": "books", "instId": "BTCUSDT"}, "data": [{"asks": [["65754.9", "0"], ["65755.1", "3.012"], ["65755.2", "3.046"], ["65755.7", "3.045"], ["65755.9", "3.024"], ["65756.7", "3.033"], ["65757.2", "3.034"], ["65757.6", "3.024"], ["65757.8", "3.023"], ["65758.2", "3.030"], ["65758.3", "3.031"], ["65758.4", "3.037"], ["65758.7", "3.013"], ["65759.3", "3.056"], ["65759.5", "3.026"], ["65759.6", "3.028"], ["65759.7", "3.036"], ["65759.8", "3.040"], ["65760.2", "3.034"], ["65760.4", "3.046"], ["65760.8", "3.012"], ["65761.2", "3.017"], ["65761.6", "3.025"], ["65762.0", "3.010"], ["65762.5", "3.020"], ["65762.6", "3.019"], ["65763.4", "3.030"], ["65763.7", "3.023"], ["65764.3", "5.934"], ["65764.5", "0"], ["65764.7", "3.048"], ["65771.1", "0.004"], ["65849.9", "45.638"], ["65882.8", "45.626"], ["65948.6", "45.659"], ["65981.5", "45.614"], ["66014.4", "45.659"], ["66080.2", "45.625"], ["66113.1", "45.656"], ["66178.9", "45.642"], ["66277.6", "45.624"]], "bids": [["65751.9", "0"], ["65748.4", "1.310"], ["65748.0", "3.021"], ["65747.5", "3.057"], ["65747.4", "3.036"], ["65746.8", "3.024"], ["65744.9", "3.020"], ["65744.4", "3.013"], ["65744.3", "3.057"], ["65744.1", "3.015"], ["65743.6", "3.046"], ["65743.5", "3.022"], ["65742.7", "3.022"], ["65742.6", "3.060"], ["65742.5", "3.046"], ["65742.1", "3.016"], ["65741.8", "3.039"], ["65741.6", "3.023"], ["65740.9", "3.040"], ["65740.1", "3.023"], ["65739.7", "3.048"], ["65739.6", "3.035"], ["65739.4", "3.048"], ["65738.5", "3.050"], ["65738.4", "3.020"], ["65737.8", "3.037"], ["65737.7", "3.053"], ["65737.6", "3.054"], ["65737.4", "3.047"], ["65737.2", "3.034"], ["65735.9", "3.019"], ["65735.7", "3.030"], ["65735.6", "3.042"], ["65735.3", "3.011"], ["65734.8", "3.059"], ["65734.7", "3.037"], ["65719.4", "0.070"], ["65652.4", "45.653"], ["65619.5", "45.632"], ["65553.7", "45.650"], ["65520.8", "45.655"], ["65487.9", "45.657"], ["65422.1", "45.653"], ["65389.2", "45.624"], ["65356.3", "45.657"], ["65323.4", "45.632"], ["65290.5", "45.627"], ["65257.6", "45.625"], ["65224.7", "45.623"], ["65191.8", "45.636"]], "checksum": 973995916, "ts": "1712099945468"}], "ts": 1712099945468, "_doc": "0de1928b-8ada-4c59-b0dd-b05b22812c0e"}, {"action": "update", "arg": {"instType": "USDT-FUTURES", "channel": "books", "instId": "BTCUSDT"}, "data": [{"asks": [["65754.9", "2.000"], ["65755.0", "0"], ["65755.1", "3.017"], ["65755.2", "3.039"], ["65755.7", "3.056"], ["65755.9", "3.042"], ["65756.7", "3.054"], ["65757.2", "3.022"], ["65757.8", "3.018"], ["65758.2", "3.058"], ["65758.3", "3.036"], ["65758.5", "3.038"], ["65758.7", "3.042"], ["65759.2", "3.014"], ["65759.5", "3.040"], ["65759.6", "3.053"], ["65759.7", "3.041"], ["65760.2", "3.059"], ["65760.3", "3.016"], ["65760.4", "3.035"], ["65760.8", "3.035"], ["65761.1", "3.016"], ["65761.2", "3.031"], ["65761.9", "3.309"], ["65762.0", "3.011"], ["65762.5", "3.047"], ["65762.6", "3.042"], ["65762.9", "0"], ["65763.4", "3.058"], ["65763.7", "3.025"], ["65764.5", "5.918"], ["65764.7", "3.040"], ["65849.9", "45.654"], ["65882.8", "45.660"], ["65915.7", "45.651"], ["65981.5", "45.627"], ["66014.4", "45.629"], ["66047.3", "45.650"], ["66178.9", "45.658"], ["66211.8", "45.653"], ["66244.7", "45.624"], ["66277.6", "45.640"]], "bids": [["65748.0", "3.010"], ["65747.4", "3.013"], ["65746.8", "3.060"], ["65744.9", "3.035"], ["65744.4", "3.050"], ["65744.1", "3.027"], ["65743.6", "3.038"], ["65743.5", "3.034"], ["65742.7", "3.046"], ["65742.6", "3.031"], ["65742.5", "3.024"], ["65742.1", "3.017"], ["65741.8", "3.018"], ["65741.6", "3.050"], ["65740.9", "3.016"], ["65740.1", "3.013"], ["65740.0", "3.055"], ["65739.7", "3.020"], ["65739.6", "3.013"], ["65739.4", "3.058"], ["65738.4", "3.042"], ["65737.8", "3.020"], ["65737.7", "3.057"], ["65737.6", "3.056"], ["65737.4", "3.058"], ["65737.2", "3.019"], ["65736.7", "3.022"], ["65736.2", "3.022"], ["65735.9", "3.055"], ["65735.7", "3.013"], ["65735.6", "3.010"], ["65734.8", "3.057"], ["65734.7", "3.024"], ["65733.4", "0"], ["65705.2", "0"], ["65652.4", "45.642"], ["65619.5", "45.647"], ["65586.6", "45.616"], ["65553.7", "45.661"], ["65520.8", "45.651"], ["65455.0", "45.628"], ["65422.1", "45.623"], ["65356.3", "45.620"], ["65323.4", "45.643"], ["65290.5", "45.640"], ["65257.6", "45.639"], ["65224.7", "45.618"], ["65191.8", "45.649"], ["65158.9", "45.655"], ["65131.6", "0.001"], ["65131.0", "0.007"]], "checksum": -1463634035, "ts": "1712099945361"}], "ts": 1712099945361, "_doc": "ae89082e-f50a-434d-ad84-01e8eed96f68"}, {"action": "update", "arg": {"instType": "USDT-FUTURES", "channel": "books", "instId": "BTCUSDT"}, "data": [{"asks": [["65752.0", "0.696"], ["65754.0", "3.793"], ["65754.6", "0.246"], ["65755.0", "2.000"], ["65755.1", "3.052"], ["65755.2", "3.029"], ["65755.6", "2.000"], ["65755.7", "3.023"], ["65755.9", "3.013"], ["65756.7", "3.016"], ["65757.2", "3.045"], ["65757.6", "3.049"], ["65757.8", "3.028"], ["65758.2", "3.015"], ["65758.3", "3.012"], ["65758.4", "3.048"], ["65758.5", "3.054"], ["65758.7", "3.038"], ["65759.2", "3.033"], ["65759.3", "3.026"], ["65759.5", "3.015"], ["65759.6", "3.027"], ["65759.7", "3.014"], ["65759.8", "3.026"], ["65760.2", "3.026"], ["65760.3", "3.040"], ["65760.4", "3.013"], ["65760.8", "3.052"], ["65761.1", "3.020"], ["65761.2", "3.048"], ["65761.6", "3.051"], ["65762.0", "3.042"], ["65762.1", "11.242"], ["65762.6", "3.026"], ["65762.8", "3.035"], ["65763.4", "3.029"], ["65763.7", "3.012"], ["65764.7", "3.054"], ["65764.9", "0"], ["65765.0", "0"], ["65771.0", "0"], ["65849.9", "45.628"], ["65882.8", "45.624"], ["65915.7", "45.617"], ["65948.6", "45.643"], ["65981.5", "45.628"], ["66014.4", "45.620"], ["66047.3", "45.653"], ["66080.2", "45.633"], ["66113.1", "45.645"], ["66146.0", "45.639"], ["66178.9", "45.659"], ["66211.8", "45.656"], ["66244.7", "45.616"], ["66277.6", "45.621"], ["66287.0", "0"], ["66287.6", "0"]], "bids": [["65748.4", "1.354"], ["65748.3", "10.481"], ["65748.0", "3.054"], ["65747.5", "3.033"], ["65747.4", "3.042"], ["65746.8", "3.048"], ["65745.1", "13.505"], ["65744.9", "3.037"], ["65744.4", "3.022"], ["65744.3", "3.038"], ["65744.1", "3.015"], ["65743.6", "3.036"], ["65743.2", "0"], ["65742.6", "3.023"], ["65742.5", "3.012"], ["65742.1", "3.051"], ["65741.8", "3.031"], ["65741.6", "3.055"], ["65741.0", "3.031"], ["65740.9", "3.029"], ["65740.1", "3.026"], ["65740.0", "3.052"], ["65739.7", "3.044"], ["65739.6", "3.046"], ["65739.4", "3.017"], ["65738.5", "3.036"], ["65738.4", "3.022"], ["65737.8", "3.060"], ["65737.7", "3.038"], ["65737.6", "3.026"], ["65737.4", "3.015"], ["65737.2", "3.038"], ["65736.7", "3.057"], ["65736.2", "3.021"], ["65735.9", "3.015"], ["65735.7", "3.052"], ["65735.6", "3.054"], ["65735.3", "3.040"], ["65734.9", "0"], ["65734.8", "3.059"], ["65652.4", "45.629"], ["65619.5", "45.640"], ["65553.7", "45.645"], ["65520.8", "45.633"], ["65487.9", "45.615"], ["65455.0", "45.653"], ["65422.1", "45.648"], ["65389.2", "45.614"], ["65356.3", "45.660"], ["65323.4", "45.629"], ["65290.5", "45.643"], ["65257.6", "45.659"], ["65224.7", "45.654"], ["65191.8", "45.660"], ["65158.9", "45.643"]], "checksum": 113394248, "ts": "1712099945264"}], "ts": 1712099945264, "_doc": "bc392f79-0d66-45be-8fa3-19b67433e3ec"}, {"action": "update", "arg": {"instType": "USDT-FUTURES", "channel": "books", "instId": "BTCUSDT"}, "data": [{"asks": [["65752.0", "0.196"], ["65754.0", "3.091"], ["65755.1", "3.017"], ["65755.2", "3.040"], ["65757.5", "0.003"], ["65757.6", "3.040"], ["65757.8", "3.021"], ["65758.2", "3.041"], ["65758.3", "3.038"], ["65758.5", "3.058"], ["65758.7", "3.034"], ["65759.2", "3.039"], ["65759.3", "3.022"], ["65759.5", "3.050"], ["65759.7", "3.021"], ["65760.2", "3.012"], ["65760.3", "3.017"], ["65760.4", "3.028"], ["65760.8", "3.022"], ["65761.1", "3.042"], ["65761.2", "3.011"], ["65761.6", "3.055"], ["65762.0", "3.027"], ["65762.5", "3.054"], ["65762.6", "3.052"], ["65762.8", "3.027"], ["65763.4", "3.018"], ["65763.7", "3.013"], ["65764.7", "3.055"], ["65765.0", "3.046"], ["65765.2", "0"], ["65882.8", "45.659"], ["65915.7", "45.630"], ["65948.6", "45.616"], ["65981.5", "45.651"], ["66014.4", "45.652"], ["66047.3", "45.615"], ["66080.2", "45.623"], ["66113.1", "45.629"], ["66146.0", "45.646"], ["66178.9", "45.636"], ["66211.8", "45.648"], ["66244.7", "45.614"], ["66288.0", "0"]], "bids": [["65751.9", "0.129"], ["65748.4", "0.044"], ["65748.0", "3.033"], ["65747.5", "3.047"], ["65747.4", "3.028"], ["65746.8", "3.052"], ["65744.9", "3.048"], ["65744.8", "0"], ["65744.4", "3.032"], ["65744.3", "3.021"], ["65744.1", "3.037"], ["65743.5", "3.046"], ["65743.2", "3.030"], ["65742.7", "3.018"], ["65742.5", "3.016"], ["65742.1", "3.025"], ["65741.8", "3.039"], ["65741.6", "3.027"], ["65741.0", "3.018"], ["65740.9", "3.022"], ["65739.6", "3.033"], ["65739.4", "3.052"], ["65738.9", "0.532"], ["65738.5", "3.011"], ["65738.4", "3.011"], ["65737.8", "3.042"], ["65737.7", "3.053"], ["65737.6", "3.011"], ["65737.4", "3.011"], ["65737.2", "3.045"], ["65735.9", "3.057"], ["65735.7", "3.018"], ["65735.6", "3.035"], ["65735.3", "3.055"], ["65734.9", "3.052"], ["65734.8", "3.046"], ["65734.7", "3.030"], ["65734.6", "0"], ["65734.1", "0"], ["65733.7", "0"], ["65733.6", "0"], ["65733.5", "0"], ["65732.7", "0"], ["65731.2", "0.006"], ["65652.4", "45.648"], ["65619.5", "45.630"], ["65553.7", "45.617"], ["65520.8", "45.651"], ["65455.0", "45.637"], ["65422.1", "45.656"], ["65389.2", "45.621"], ["65323.4", "45.616"], ["65290.5", "45.628"], ["65224.7", "45.642"], ["65191.8", "45.659"], ["65158.9", "45.631"], ["65131.6", "0"]], "checksum": 1191764941, "ts": "1712099945162"}], "ts": 1712099945162, "_doc": "e3ad2b01-b1b8-42ad-a3ce-088007967cab"}, {"action": "update", "arg": {"instType": "USDT-FUTURES", "channel": "books", "instId": "BTCUSDT"}, "data": [{"asks": [["65752.1", "0.014"], ["65754.0", "3.060"], ["65754.2", "0"], ["65754.7", "0"], ["65754.9", "0"], ["65755.0", "0"], ["65755.2", "3.031"], ["65755.7", "3.021"], ["65755.8", "0"], ["65755.9", "3.032"], ["65757.2", "3.041"], ["65757.6", "3.014"], ["65757.8", "3.057"], ["65758.2", "3.056"], ["65758.3", "3.020"], ["65758.5", "3.056"], ["65759.2", "3.051"], ["65759.3", "3.011"], ["65759.5", "3.033"], ["65759.6", "3.025"], ["65759.7", "3.045"], ["65759.8", "3.047"], ["65760.2", "3.049"], ["65760.4", "3.021"], ["65760.8", "3.039"], ["65761.1", "3.049"], ["65761.2", "3.056"], ["65761.4", "3.952"], ["65761.6", "3.039"], ["65762.0", "3.054"], ["65762.1", "7.926"], ["65762.5", "3.026"], ["65762.6", "3.032"], ["65762.8", "3.036"], ["65763.4", "3.035"], ["65763.7", "3.048"], ["65764.7", "3.052"], ["65764.8", "3.952"], ["65764.9", "3.504"], ["65765.0", "3.055"], ["65765.2", "3.021"], ["65765.3", "0"], ["65765.5", "0"], ["65785.1", "0.510"], ["65849.9", "45.660"], ["65882.8", "45.626"], ["65915.7", "45.647"], ["65948.6", "45.651"], ["65981.5", "45.615"], ["66014.4", "45.614"], ["66047.3", "45.632"], ["66080.2", "45.633"], ["66113.1", "45.641"], ["66178.9", "45.622"], ["66211.8", "45.633"], ["66244.7", "45.660"], ["66277.6", "45.659"], ["66288.8", "0"], ["66290.0", "0"]], "bids": [["65751.9", "0.070"], ["65748.3", "18.548"], ["65747.4", "3.012"], ["65746.8", "3.059"], ["65745.1", "26.907"], ["65744.9", "3.056"], ["65744.8", "3.054"], ["65744.4", "3.014"], ["65743.6", "0"], ["65743.5", "3.025"], ["65743.2", "3.013"], ["65742.7", "3.050"], ["65742.1", "3.050"], ["65742.0", "0"], ["65741.8", "3.048"], ["65741.6", "3.044"], ["65741.0", "3.033"], ["65740.9", "3.015"], ["65740.0", "3.012"], ["65739.7", "5.437"], ["65739.6", "3.058"], ["65739.4", "3.055"], ["65738.4", "3.033"], ["65737.7", "3.025"], ["65737.6", "3.047"], ["65737.4", "3.045"], ["65736.2", "3.034"], ["65735.9", "3.018"], ["65735.7", "3.029"], ["65735.6", "3.050"], ["65735.3", "3.052"], ["65734.7", "3.059"], ["65734.6", "3.054"], ["65734.1", "3.059"], ["65733.8", "0"], ["65733.7", "3.019"], ["65733.6", "3.017"], ["65733.5", "0.044"], ["65729.5", "0"], ["65718.3", "0.004"], ["65652.4", "45.616"], ["65619.5", "45.632"], ["65586.6", "45.630"], ["65520.8", "45.615"], ["65487.9", "45.645"], ["65422.1", "45.626"], ["65389.2", "45.628"], ["65356.3", "45.623"], ["65290.5", "45.620"], ["65257.6", "45.663"], ["65224.7", "45.628"], ["65191.8", "45.649"], ["65158.9", "45.646"], ["65131.0", "0"]], "checksum": 1554923988, "ts": "1712099945059"}], "ts": 1712099945059, "_doc": "be5b7c60-df98-4602-ba84-0ef005bf6d0e"}, {"action": "update", "arg": {"instType": "USDT-FUTURES", "channel": "books", "instId": "BTCUSDT"}