[{"e": "aggTrade", "E": 1712070277139, "a": 315058267, "s": "BTCUSD_PERP", "p": "65842.0", "q": "24", "f": 775933572, "l": 775933585, "T": 1712070276980, "m": false, "_doc": "30c54f78-d429-4003-9dad-1f4b4232160d"}, {"e": "aggTrade", "E": 1712070276988, "a": 315058266, "s": "BTCUSD_PERP", "p": "65840.1", "q": "2", "f": 775933571, "l": 775933571, "T": 1712070276957, "m": false, "_doc": "d5b229eb-91b2-41e4-9bcb-d88235839c3b"}, {"e": "aggTrade", "E": 1712070276970, "a": 315058265, "s": "BTCUSD_PERP", "p": "65836.1", "q": "1818", "f": 775933544, "l": 775933570, "T": 1712070276932, "m": false, "_doc": "30ca7218-2fce-4f78-8c53-75196b43c688"}, {"e": "aggTrade", "E": 1712070276941, "a": 315058264, "s": "BTCUSD_PERP", "p": "65836.1", "q": "62", "f": 775933542, "l": 775933543, "T": 1712070276792, "m": false, "_doc": "fc60f8ad-9b63-4d30-b4a7-275a2eb413a4"}, {"e": "aggTrade", "E": 1712070275993, "a": 315058263, "s": "BTCUSD_PERP", "p": "65836.1", "q": "14", "f": 775933539, "l": 775933541, "T": 1712070275835, "m": false, "_doc": "c9cc2b0e-6bb4-44b6-a818-855b54f704f7"}, {"e": "aggTrade", "E": 1712070275826, "a": 315058262, "s": "BTCUSD_PERP", "p": "65836.0", "q": "7", "f": 775933538, "l": 775933538, "T": 1712070275665, "m": true, "_doc": "7cbce1fe-83dd-4316-984d-338c660b5aac"}, {"e": "aggTrade", "E": 1712070275522, "a": 315058261, "s": "BTCUSD_PERP", "p": "65836.0", "q": "56", "f": 775933537, "l": 775933537, "T": 1712070275364, "m": true, "_doc": "65d67040-54c4-48d8-abd3-79dff214db4c"}, {"e": "aggTrade", "E": 1712070275199, "a": 315058260, "s": "BTCUSD_PERP", "p": "65836.0", "q": "138", "f": 775933534, "l": 775933536, "T": 1712070275042, "m": true, "_doc": "2700799f-566d-4a19-9a47-ad3946b555d9"}, {"e": "aggTrade", "E": 1712070275009, "a": 315058259, "s": "BTCUSD_PERP", "p": "65836.0", "q": "78", "f": 775933532, "l": 775933533, "T": 1712070274847, "m": true, "_doc": "3626416f-8394-4906-9b10-477e8ac61b02"}, {"e": "aggTrade", "E": 1712070274456, "a": 315058258, "s": "BTCUSD_PERP", "p": "65836.0", "q": "18", "f": 775933531, "l": 775933531, "T": 1712070274297, "m": true, "_doc": "707f145d-7ad6-4251-9870-5e57f2461f6e"}, {"e": "aggTrade", "E": 1712070274185, "a": 315058257, "s": "BTCUSD_PERP", "p": "65836.0", "q": "108", "f": 775933530, "l": 775933530, "T": 1712070274030, "m": true, "_doc": "e316ad86-c237-46ef-b417-9c003a2e3937"}, {"e": "aggTrade", "E": 1712070273796, "a": 315058256, "s": "BTCUSD_PERP", "p": "65836.0", "q": "6", "f": 775933529, "l": 775933529, "T": 1712070273631, "m": true, "_doc": "3976c574-a3bf-4e19-9544-5c92852cab81"}, {"e": "aggTrade", "E": 1712070273637, "a": 315058255, "s": "BTCUSD_PERP", "p": "65836.0", "q": "120", "f": 775933528, "l": 775933528, "T": 1712070273475, "m": true, "_doc": "e7e91fc4-71c4-47ee-b5d9-5b85897f7c22"}, {"e": "aggTrade", "E": 1712070273392, "a": 315058254, "s": "BTCUSD_PERP", "p": "65836.0", "q": "108", "f": 775933526, "l": 775933527, "T": 1712070273229, "m": true, "_doc": "cd0ba2af-154a-4216-95b8-e3d2b409e61e"}, {"e": "aggTrade", "E": 1712070273241, "a": 315058253, "s": "BTCUSD_PERP", "p": "65836.0", "q": "16", "f": 775933524, "l": 775933525, "T": 1712070273127, "m": true, "_doc": "52acfffc-5a30-4ef2-b96c-3f2a522f0fe0"}, {"e": "aggTrade", "E": 1712070273137, "a": 315058252, "s": "BTCUSD_PERP", "p": "65836.0", "q": "81", "f": 775933522, "l": 775933523, "T": 1712070272977, "m": true, "_doc": "6d21b6d2-7314-45d3-bec2-6a0e12d40035"}, {"e": "aggTrade", "E": 1712070272375, "a": 315058251, "s": "BTCUSD_PERP", "p": "65836.0", "q": "35", "f": 775933521, "l": 775933521, "T": 1712070272219, "m": true, "_doc": "bbe52eba-89c6-462a-966c-a6ada880b283"}, {"e": "aggTrade", "E": 1712070272165, "a": 315058250, "s": "BTCUSD_PERP", "p": "65836.0", "q": "82", "f": 775933520, "l": 775933520, "T": 1712070272006, "m": true, "_doc": "5dc79b7d-13fa-419d-bdd0-ca4ef8647b75"}, {"e": "aggTrade", "E": 1712070271884, "a": 315058249, "s": "BTCUSD_PERP", "p": "65836.0", "q": "7", "f": 775933518, "l": 775933519, "T": 1712070271723, "m": true, "_doc": "2ed033cf-f677-4446-8fe1-6d7c0a2d44ba"}, {"e": "aggTrade", "E": 1712070271272, "a": 315058248, "s": "BTCUSD_PERP", "p": "65836.0", "q": "15", "f": 775933516, "l": 775933517, "T": 1712070271108, "m": true, "_doc": "b210bbee-0d19-435e-9ca1-6d7fd9861fdb"}, {"e": "aggTrade", "E": 1712070270421, "a": 315058247, "s": "BTCUSD_PERP", "p": "65836.0", "q": "2", "f": 775933515, "l": 775933515, "T": 1712070270262, "m": true, "_doc": "6f602ef5-9e11-4bf2-bdcc-20725b973868"}, {"e": "aggTrade", "E": 1712070270208, "a": 315058246, "s": "BTCUSD_PERP", "p": "65836.0", "q": "122", "f": 775933513, "l": 775933514, "T": 1712070270051, "m": true, "_doc": "cf78e66d-2e1b-4bcb-b80f-eff486dcb61b"}, {"e": "aggTrade", "E": 1712070269337, "a": 315058245, "s": "BTCUSD_PERP", "p": "65836.1", "q": "59", "f": 775933508, "l": 775933512, "T": 1712070269175, "m": false, "_doc": "00387d7a-3dfe-401f-8eba-2318d6976fca"}, {"e": "aggTrade", "E": 1712070269186, "a": 315058244, "s": "BTCUSD_PERP", "p": "65834.9", "q": "3", "f": 775933505, "l": 775933507, "T": 1712070269044, "m": false, "_doc": "4fa9a74e-3c7c-4aab-b218-ce6581e5516f"}, {"e": "aggTrade", "E": 1712070269052, "a": 315058243, "s": "BTCUSD_PERP", "p": "65832.1", "q": "1375", "f": 775933489, "l": 775933504, "T": 1712070269015, "m": false, "_doc": "d36f6c30-f9ce-4f88-945c-6e559e6e8bf3"}, {"e": "aggTrade", "E": 1712070266706, "a": 315058242, "s": "BTCUSD_PERP", "p": "65832.1", "q": "91", "f": 775933488, "l": 775933488, "T": 1712070266548, "m": false, "_doc": "46c6c814-a92b-4072-857e-e54ea31f86b7"}, {"e": "aggTrade", "E": 1712070265511, "a": 315058241, "s": "BTCUSD_PERP", "p": "65834.8", "q": "1", "f": 775933487, "l": 775933487, "T": 1712070265353, "m": true, "_doc": "4ab80d00-f9c7-42f0-b1e3-925605c9ef4a"}, {"e": "aggTrade", "E": 1712070265360, "a": 315058240, "s": "BTCUSD_PERP", "p": "65835.9", "q": "1", "f": 775933486, "l": 775933486, "T": 1712070265350, "m": true, "_doc": "33f71551-c153-4094-a3e5-263c779a57e5"}, {"e": "aggTrade", "E": 1712070264439, "a": 315058239, "s": "BTCUSD_PERP", "p": "65836.4", "q": "1", "f": 775933485, "l": 775933485, "T": 1712070264281, "m": true, "_doc": "a3e1536b-28d4-429a-861f-5ce479e6856f"}, {"e": "aggTrade", "E": 1712070264288, "a": 315058238, "s": "BTCUSD_PERP", "p": "65838.0", "q": "1", "f": 775933484, "l": 775933484, "T": 1712070264281, "m": true, "_doc": "b02d9945-dfac-4814-b36b-918b2bfda178"}, {"e": "aggTrade", "E": 1712070264288, "a": 315058237, "s": "BTCUSD_PERP", "p": "65838.3", "q": "200", "f": 775933483, "l": 775933483, "T": 1712070264279, "m": true, "_doc": "a36242f6-2bef-488a-a2d7-49af80753467"}, {"e": "aggTrade", "E": 1712070264288, "a": 315058236, "s": "BTCUSD_PERP", "p": "65839.1", "q": "329", "f": 775933482, "l": 775933482, "T": 1712070264279, "m": true, "_doc": "cbe5bff7-aaba-4696-a9f5-c7a1d92e2215"}, {"e": "aggTrade", "E": 1712070264288, "a": 315058235, "s": "BTCUSD_PERP", "p": "65839.9", "q": "1", "f": 775933481, "l": 775933481, "T": 1712070264279, "m": true, "_doc": "ca4357d3-806b-4891-bbe3-3e32cd5cdcad"}, {"e": "aggTrade", "E": 1712070264006, "a": 315058234, "s": "BTCUSD_PERP", "p": "65842.0", "q": "1", "f": 775933480, "l": 775933480, "T": 1712070263844, "m": true, "_doc": "a0e38daf-93ff-46ff-952d-b693f1a1d576"}, {"e": "aggTrade", "E": 1712070263365, "a": 315058233, "s": "BTCUSD_PERP", "p": "65842.0", "q": "4", "f": 775933477, "l": 775933479, "T": 1712070263202, "m": true, "_doc": "4e832960-7f40-40f5-af47-e6677aa26171"}, {"e": "aggTrade", "E": 1712070263214, "a": 315058232, "s": "BTCUSD_PERP", "p": "65843.9", "q": "1", "f": 775933476, "l": 775933476, "T": 1712070263184, "m": true, "_doc": "3c0e990f-e702-4018-899d-da22876ef576"}, {"e": "aggTrade", "E": 1712070263191, "a": 315058231, "s": "BTCUSD_PERP", "p": "65844.0", "q": "23", "f": 775933475, "l": 775933475, "T": 1712070263184, "m": true, "_doc": "cccab330-d45b-4071-b3d8-4a60d9b9f2b6"}, {"e": "aggTrade", "E": 1712070262975, "a": 315058230, "s": "BTCUSD_PERP", "p": "65845.3", "q": "1", "f": 775933474, "l": 775933474, "T": 1712070262811, "m": true, "_doc": "1019a349-8609-4101-aa89-8d245002fed2"}, {"e": "aggTrade", "E": 1712070262824, "a": 315058229, "s": "BTCUSD_PERP", "p": "65845.4", "q": "167", "f": 775933467, "l": 775933473, "T": 1712070262811, "m": true, "_doc": "f92a5895-026b-493c-bcdb-d4079458a35e"}, {"e": "aggTrade", "E": 1712070258932, "a": 315058228, "s": "BTCUSD_PERP", "p": "65845.5", "q": "74", "f": 775933466, "l": 775933466, "T": 1712070258774, "m": false, "_doc": "9c70d03e-c907-4797-8166-8a0b40cc84a2"}, {"e": "aggTrade", "E": 1712070258781, "a": 315058227, "s": "BTCUSD_PERP", "p": "65845.3", "q": "1", "f": 775933465, "l": 775933465, "T": 1712070258774, "m": false, "_doc": "3ae963fb-4c08-4bcf-bf34-5f6460e8adf1"}, {"e": "aggTrade", "E": 1712070258781, "a": 315058226, "s": "BTCUSD_PERP", "p": "65844.8", "q": "2", "f": 775933464, "l": 775933464, "T": 1712070258774, "m": false, "_doc": "8b2d54ec-709f-451a-ade2-062087f01787"}, {"e": "aggTrade", "E": 1712070258781, "a": 315058225, "s": "BTCUSD_PERP", "p": "65844.4", "q": "1", "f": 775933463, "l": 775933463, "T": 1712070258774, "m": false, "_doc": "faf00c12-b1f3-4560-bc76-8fa3291319ec"}, {"e": "aggTrade", "E": 1712070258781, "a": 315058224, "s": "BTCUSD_PERP", "p": "65844.3", "q": "2", "f": 775933462, "l": 775933462, "T": 1712070258774, "m": false, "_doc": "c71eea9c-3e6e-4dd5-b11d-c17aa77b62fd"}, {"e": "aggTrade", "E": 1712070258781, "a": 315058223, "s": "BTCUSD_PERP", "p": "65844.2", "q": "2", "f": 775933461, "l": 775933461, "T": 1712070258774, "m": false, "_doc": "1db3734c-3f42-4537-ac2c-a22bc554bb4e"}, {"e": "aggTrade", "E": 1712070258781, "a": 315058222, "s": "BTCUSD_PERP", "p": "65844.0", "q": "2", "f": 775933460, "l": 775933460, "T": 1712070258774, "m": false, "_doc": "39443fac-7b31-493e-90cc-31dc1fc0a5bc"}, {"e": "aggTrade", "E": 1712070258781, "a": 315058221, "s": "BTCUSD_PERP", "p": "65843.7", "q": "500", "f": 775933459, "l": 775933459, "T": 1712070258774, "m": false, "_doc": "20daaa30-7354-44c6-8f18-abf04c71c5b0"}, {"e": "aggTrade", "E": 1712070258781, "a": 315058220, "s": "BTCUSD_PERP", "p": "65843.6", "q": "56", "f": 775933458, "l": 775933458, "T": 1712070258774, "m": false, "_doc": "2becd08a-a648-48e4-9634-b5afe31eea5a"}, {"e": "aggTrade", "E": 1712070258781, "a": 315058219, "s": "BTCUSD_PERP", "p": "65842.9", "q": "133", "f": 775933457, "l": 775933457, "T": 1712070258774, "m": false, "_doc": "860ff3c0-aad6-4336-87b2-3b57609bf65a"}, {"e": "aggTrade", "E": 1712070258781, "a": 315058218, "s": "BTCUSD_PERP", "p": "65842.4", "q": "10", "f": 775933456, "l": 775933456, "T": 1712070258774, "m": false, "_doc": "e2706a0d-73c3-486e-8f64-d2721e44cb20"}, {"e": "aggTrade", "E": 1712070258781, "a": 315058217, "s": "BTCUSD_PERP", "p": "65842.0", "q": "151", "f": 775933455, "l": 775933455, "T": 1712070258774, "m": false, "_doc": "ae8e5276-2884-4ceb-a83d-028294a56a41"}, {"e": "aggTrade", "E": 1712070258781, "a": 315058216, "s": "BTCUSD_PERP", "p": "65841.9", "q": "2", "f": 775933454, "l": 775933454, "T": 1712070258774, "m": false, "_doc": "e781749b-4955-45f4-9b7b-0082110ef31d"}, {"e": "aggTrade", "E": 1712070258781, "a": 315058215, "s": "BTCUSD_PERP", "p": "65841.8", "q": "500", "f": 775933453, "l": 775933453, "T": 1712070258774, "m": false, "_doc": "1192ae8e-75cf-4cc2-88cf-fdc3fd2b2a15"}, {"e": "aggTrade", "E": 1712070258781, "a": 315058214, "s": "BTCUSD_PERP", "p": "65841.7", "q": "10", "f": 775933452, "l": 775933452, "T": 1712070258774, "m": false, "_doc": "410e9a33-77d6-4988-8d37-fbc0d34ca04d"}, {"e": "aggTrade", "E": 1712070258781, "a": 315058213, "s": "BTCUSD_PERP", "p": "65841.0", "q": "1", "f": 775933451, "l": 775933451, "T": 1712070258774, "m": false, "_doc": "46a8fbf2-69a4-4433-b79d-5b9653846967"}, {"e": "aggTrade", "E": 1712070258781, "a": 315058212, "s": "BTCUSD_PERP", "p": "65840.7", "q": "6", "f": 775933450, "l": 775933450, "T": 1712070258774, "m": false, "_doc": "c5205e10-18d8-487d-823e-126e38cd6d1b"}, {"e": "aggTrade", "E": 1712070258781, "a": 315058211, "s": "BTCUSD_PERP", "p": "65840.5", "q": "4", "f": 775933449, "l": 775933449, "T": 1712070258774, "m": false, "_doc": "a8d0f989-05a4-4a0b-bf41-1107440fbf0d"}, {"e": "aggTrade", "E": 1712070258781, "a": 315058210, "s": "BTCUSD_PERP", "p": "65840.4", "q": "2", "f": 775933448, "l": 775933448, "T": 1712070258774, "m": false, "_doc": "cf30b3ea-df29-45ad-b627-65bc6bf5cefa"}, {"e": "aggTrade", "E": 1712070258781, "a": 315058209, "s": "BTCUSD_PERP", "p": "65840.0", "q": "96", "f": 775933447, "l": 775933447, "T": 1712070258774, "m": false, "_doc": "15ecac53-99e3-482b-a14a-5b8189387fe5"}, {"e": "aggTrade", "E": 1712070258781, "a": 315058208, "s": "BTCUSD_PERP", "p": "65836.5", "q": "2", "f": 775933446, "l": 775933446, "T": 1712070258774, "m": false, "_doc": "c300c463-3043-4a2f-b938-21029aa9361c"}, {"e": "aggTrade", "E": 1712070258778, "a": 315058207, "s": "BTCUSD_PERP", "p": "65836.0", "q": "96", "f": 775933445, "l": 775933445, "T": 1712070258774, "m": false, "_doc": "b25cdd2e-7dc5-42ee-811f-e657c7921e96"}, {"e": "aggTrade", "E": 1712070258778, "a": 315058206, "s": "BTCUSD_PERP", "p": "65833.9", "q": "5", "f": 775933444, "l": 775933444, "T": 1712070258774, "m": false, "_doc": "94f64482-9df9-47e1-9fb0-b43bb144e21b"}, {"e": "aggTrade", "E": 1712070258778, "a": 315058205, "s": "BTCUSD_PERP", "p": "65833.3", "q": "2", "f": 775933443, "l": 775933443, "T": 1712070258774, "m": false, "_doc": "c8f5d23d-42ee-436e-9b49-ead2b3334935"}, {"e": "aggTrade", "E": 1712070258778, "a": 315058204, "s": "BTCUSD_PERP", "p": "65832.0", "q": "96", "f": 775933442, "l": 775933442, "T": 1712070258774, "m": false, "_doc": "ce725c78-3f82-4b18-b8b0-5ad4cc0d51de"}, {"e": "aggTrade", "E": 1712070258778, "a": 315058203, "s": "BTCUSD_PERP", "p": "65831.5", "q": "344", "f": 775933439, "l": 775933441, "T": 1712070258774, "m": false, "_doc": "a7503795-5f10-4706-8914-d45561c8a4f3"}, {"e": "aggTrade", "E": 1712070258778, "a": 315058202, "s": "BTCUSD_PERP", "p": "65830.0", "q": "6", "f": 775933438, "l": 775933438, "T": 1712070258635, "m": false, "_doc": "85d7e0c1-ec5a-4fd7-bffd-b95a8fc0f1a7"}, {"e": "aggTrade", "E": 1712070258645, "a": 315058201, "s": "BTCUSD_PERP", "p": "65828.0", "q": "126", "f": 775933434, "l": 775933437, "T": 1712070258634, "m": false, "_doc": "c36cd9eb-d8d4-4eec-9e06-66caf9b6d744"}, {"e": "aggTrade", "E": 1712070258645, "a": 315058200, "s": "BTCUSD_PERP", "p": "65826.7", "q": "13", "f": 775933433, "l": 775933433, "T": 1712070258521, "m": false, "_doc": "34a82d7c-5ebb-42b2-821b-c946e7b950d7"}, {"e": "aggTrade", "E": 1712070258102, "a": 315058199, "s": "BTCUSD_PERP", "p": "65826.6", "q": "16", "f": 775933432, "l": 775933432, "T": 1712070257944, "m": true, "_doc": "703ebc53-99f5-475f-8529-cf1ee4f39522"}, {"e": "aggTrade", "E": 1712070257896, "a": 315058198, "s": "BTCUSD_PERP", "p": "65826.6", "q": "73", "f": 775933431, "l": 775933431, "T": 1712070257739, "m": true, "_doc": "26fda106-f8b7-4f8f-9b55-24611584c862"}, {"e": "aggTrade", "E": 1712070257704, "a": 315058197, "s": "BTCUSD_PERP", "p": "65826.6", "q": "88", "f": 775933430, "l": 775933430, "T": 1712070257542, "m": true, "_doc": "8f92f257-a0f5-4bed-967e-cc384c46b089"}, {"e": "aggTrade", "E": 1712070257499, "a": 315058196, "s": "BTCUSD_PERP", "p": "65826.6", "q": "107", "f": 775933428, "l": 775933429, "T": 1712070257339, "m": true, "_doc": "cb680442-e8ab-4258-9f5e-b7b80123838b"}, {"e": "aggTrade", "E": 1712070257306, "a": 315058195, "s": "BTCUSD_PERP", "p": "65826.6", "q": "84", "f": 775933427, "l": 775933427, "T": 1712070257146, "m": true, "_doc": "121e6098-5215-4641-8d14-b06c4831b2bf"}, {"e": "aggTrade", "E": 1712070257144, "a": 315058194, "s": "BTCUSD_PERP", "p": "65826.6", "q": "125", "f": 775933426, "l": 775933426, "T": 1712070256988, "m": true, "_doc": "4d8340b9-f098-4bd5-aba2-4ae245aa7d0d"}, {"e": "aggTrade", "E": 1712070256793, "a": 315058193, "s": "BTCUSD_PERP", "p": "65826.7", "q": "7", "f": 775933425, "l": 775933425, "T": 1712070256637, "m": false, "_doc": "632caaa0-c77f-4aa3-bea9-c67176c0551b"}, {"e": "aggTrade", "E": 1712070256642, "a": 315058192, "s": "BTCUSD_PERP", "p": "65826.7", "q": "5", "f": 775933420, "l": 775933424, "T": 1712070256529, "m": false, "_doc": "4a89cb41-2574-4b23-bd46-cba7235af9d1"}, {"e": "aggTrade", "E": 1712070256538, "a": 315058191, "s": "BTCUSD_PERP", "p": "65826.6", "q": "118", "f": 775933419, "l": 775933419, "T": 1712070256529, "m": true, "_doc": "8081582e-fc56-4b17-801a-85124b3dc20a"}, {"e": "aggTrade", "E": 1712070256538, "a": 315058190, "s": "BTCUSD_PERP", "p": "65826.7", "q": "17", "f": 775933402, "l": 775933418, "T": 1712070256526, "m": false, "_doc": "584f7426-2336-4f2d-aec0-eb4628adf772"}, {"e": "aggTrade", "E": 1712070256532, "a": 315058189, "s": "BTCUSD_PERP", "p": "65826.2", "q": "2", "f": 775933401, "l": 775933401, "T": 1712070256499, "m": false, "_doc": "298d28ce-21ab-4689-8956-d65c29e2bea1"}, {"e": "aggTrade", "E": 1712070256507, "a": 315058188, "s": "BTCUSD_PERP", "p": "65824.1", "q": "2", "f": 775933400, "l": 775933400, "T": 1712070256480, "m": false, "_doc": "6f3c5aed-811e-42d6-a0e4-74007beab64c"}, {"e": "aggTrade", "E": 1712070256489, "a": 315058187, "s": "BTCUSD_PERP", "p": "65820.0", "q": "2", "f": 775933399, "l": 775933399, "T": 1712070256479, "m": false, "_doc": "7450bd98-ce5a-4845-b9c2-c9cd7bb4a424"}, {"e": "aggTrade", "E": 1712070256484, "a": 315058186, "s": "BTCUSD_PERP", "p": "65819.3", "q": "298", "f": 775933398, "l": 775933398, "T": 1712070256351, "m": false, "_doc": "9b0c4ee0-7fc0-4b19-bc1f-e0568c36c513"}, {"e": "aggTrade", "E": 1712070256361, "a": 315058185, "s": "BTCUSD_PERP", "p": "65816.1", "q": "148", "f": 775933393, "l": 775933397, "T": 1712070256336, "m": false, "_doc": "78591c49-b475-4255-a735-f0d4f21b8ac0"}, {"e": "aggTrade", "E": 1712070255461, "a": 315058184, "s": "BTCUSD_PERP", "p": "65816.0", "q": "39", "f": 775933391, "l": 775933392, "T": 1712070255301, "m": true, "_doc": "06ef4737-194a-4333-bc26-28d5cdf9d08c"}, {"e": "aggTrade", "E": 1712070255269, "a": 315058183, "s": "BTCUSD_PERP", "p": "65819.1", "q": "1", "f": 775933390, "l": 775933390, "T": 1712070255103, "m": true, "_doc": "4358e345-6967-449c-a757-0f030cb5d356"}, {"e": "aggTrade", "E": 1712070255118, "a": 315058182, "s": "BTCUSD_PERP", "p": "65819.2", "q": "905", "f": 775933379, "l": 775933389, "T": 1712070255094, "m": true, "_doc": "6dbcff3f-57b6-4f19-a6ee-8682377a4c23"}, {"e": "aggTrade", "E": 1712070254964, "a": 315058181, "s": "BTCUSD_PERP", "p": "65819.2", "q": "110", "f": 775933376, "l": 775933378, "T": 1712070254804, "m": true, "_doc": "f9f434f4-48f9-4ed4-8c00-2ad95ed74321"}, {"e": "aggTrade", "E": 1712070254680, "a": 315058180, "s": "BTCUSD_PERP", "p": "65819.2", "q": "91", "f": 775933374, "l": 775933375, "T": 1712070254521, "m": true, "_doc": "e1b68e0b-ba3c-4694-bca2-35fbe5f34a6c"}, {"e": "aggTrade", "E": 1712070254006, "a": 315058179, "s": "BTCUSD_PERP", "p": "65819.2", "q": "10", "f": 775933373, "l": 775933373, "T": 1712070253846, "m": true, "_doc": "3d084ab3-5553-44d0-baf9-65ec4e6ab28a"}, {"e": "aggTrade", "E": 1712070253805, "a": 315058178, "s": "BTCUSD_PERP", "p": "65819.2", "q": "9", "f": 775933372, "l": 775933372, "T": 1712070253645, "m": true, "_doc": "b053ffd9-cafa-42b5-9d41-df39282ba619"}, {"e": "aggTrade", "E": 1712070253609, "a": 315058177, "s": "BTCUSD_PERP", "p": "65819.2", "q": "126", "f": 775933371, "l": 775933371, "T": 1712070253449, "m": true, "_doc": "13a2cba9-60d7-4cc7-aa23-45716f92e2cc"}, {"e": "aggTrade", "E": 1712070253406, "a": 315058176, "s": "BTCUSD_PERP", "p": "65819.2", "q": "125", "f": 775933369, "l": 775933370, "T": 1712070253247, "m": true, "_doc": "5258c7eb-c665-4f11-a468-610844fb5906"}, {"e": "aggTrade", "E": 1712070253127, "a": 315058175, "s": "BTCUSD_PERP", "p": "65819.2", "q": "8", "f": 775933368, "l": 775933368, "T": 1712070252965, "m": true, "_doc": "b1a30a38-cc06-4468-8302-9921b49eaafc"}, {"e": "aggTrade", "E": 1712070252924, "a": 315058174, "s": "BTCUSD_PERP", "p": "65819.2", "q": "6", "f": 775933367, "l": 775933367, "T": 1712070252762, "m": true, "_doc": "f256a47d-ce53-493b-b342-f33e007aadcb"}, {"e": "aggTrade", "E": 1712070252669, "a": 315058173, "s": "BTCUSD_PERP", "p": "65819.3", "q": "2", "f": 775933366, "l": 775933366, "T": 1712070252511, "m": false, "_doc": "38294fca-ab8f-4fe0-ac3f-ba4226f3bc8f"}, {"e": "aggTrade", "E": 1712070252518, "a": 315058172, "s": "BTCUSD_PERP", "p": "65816.0", "q": "96", "f": 775933365, "l": 775933365, "T": 1712070252485, "m": false, "_doc": "ca6699dd-175f-48b9-b9a5-1c331e88494a"}, {"e": "aggTrade", "E": 1712070252496, "a": 315058171, "s": "BTCUSD_PERP", "p": "65813.3", "q": "1", "f": 775933364, "l": 775933364, "T": 1712070252485, "m": false, "_doc": "c28dbd85-f49e-43a8-95a3-29777c47c329"}, {"e": "aggTrade", "E": 1712070252493, "a": 315058170, "s": "BTCUSD_PERP", "p": "65812.7", "q": "156", "f": 775933362, "l": 775933363, "T": 1712070252464, "m": false, "_doc": "ea100ee1-68a6-47c4-ab7a-4ac4c521aa5f"}, {"e": "aggTrade", "E": 1712070252475, "a": 315058169, "s": "BTCUSD_PERP", "p": "65812.1", "q": "1", "f": 775933361, "l": 775933361, "T": 1712070252463, "m": false, "_doc": "a31d3399-9f99-4ef0-bf0b-31e96a1ea2ef"}, {"e": "aggTrade", "E": 1712070252475, "a": 315058168, "s": "BTCUSD_PERP", "p": "65812.0", "q": "322", "f": 775933357, "l": 775933360, "T": 1712070252447, "m": false, "_doc": "3739e530-3d14-4d2c-9a81-2c2bf6f191c2"}, {"e": "aggTrade", "E": 1712070251846, "a": 315058167, "s": "BTCUSD_PERP", "p": "65811.0", "q": "2", "f": 775933356, "l": 775933356, "T": 1712070251688, "m": false, "_doc": "573125e4-4022-4007-b66a-917b4bda4133"}, {"e": "aggTrade", "E": 1712070251695, "a": 315058166, "s": "BTCUSD_PERP", "p": "65810.1", "q": "1", "f": 775933355, "l": 775933355, "T": 1712070251666, "m": false, "_doc": "92e655ca-c8c5-4532-bc75-5b851a26cf13"}, {"e": "aggTrade", "E": 1712070251676, "a": 315058165, "s": "BTCUSD_PERP", "p": "65808.9", "q": "2", "f": 775933353, "l": 775933354, "T": 1712070251664, "m": false, "_doc": "3d848b53-ec53-4a6b-be71-dee57619ad42"}, {"e": "aggTrade", "E": 1712070251636, "a": 315058164, "s": "BTCUSD_PERP", "p": "65805.4", "q": "1", "f": 775933352, "l": 775933352, "T": 1712070251476, "m": false, "_doc": "450f649c-68dd-422c-a28b-caea73bd14df"}, {"e": "aggTrade", "E": 1712070251485, "a": 315058163, "s": "BTCUSD_PERP", "p": "65805.1", "q": "431", "f": 775933344, "l": 775933351, "T": 1712070251441, "m": false, "_doc": "23b1e94f-664e-47ba-9aaf-879db40cff39"}, {"e": "aggTrade", "E": 1712070251447, "a": 315058162, "s": "BTCUSD_PERP", "p": "65804.9", "q": "2", "f": 775933342, "l": 775933343, "T": 1712070251425, "m": false, "_doc": "abfc6f89-15a0-4a4b-838a-fba97e017ea0"}, {"e": "aggTrade", "E": 1712070251432, "a": 315058161, "s": "BTCUSD_PERP", "p": "65804.0", "q": "59", "f": 775933341, "l": 775933341, "T": 1712070251409, "m": false, "_doc": "2f538713-88bd-4d5c-b3e6-74912c27846a"}, {"e": "aggTrade", "E": 1712070251418, "a": 315058160, "s": "BTCUSD_PERP", "p": "65803.3", "q": "1", "f": 775933340, "l": 775933340, "T": 1712070251322, "m": false, "_doc": "13a28ce2-edf6-4116-a863-0d9885c6fcbb"}, {"e": "aggTrade", "E": 1712070251333, "a": 315058159, "s": "BTCUSD_PERP", "p": "65800.0", "q": "1", "f": 775933339, "l": 775933339, "T": 1712070251322, "m": false, "_doc": "01f547d2-b8bb-4ec5-a48a-ad478251d05e"}, {"e": "aggTrade", "E": 1712070251333, "a": 315058158, "s": "BTCUSD_PERP", "p": "65799.9", "q": "819", "f": 775933329, "l": 775933338, "T": 1712070251320, "m": false, "_doc": "38cb4dc1-a44d-4251-b492-72a342e6f34b"}, {"e": "aggTrade", "E": 1712070250740, "a": 315058157, "s": "BTCUSD_PERP", "p": "65800.0", "q": "524", "f": 775933325, "l": 775933328, "T": 1712070250583, "m": true, "_doc": "3525411e-ece9-4866-bc4f-f1fef9441110"}, {"e": "aggTrade", "E": 1712070250589, "a": 315058156, "s": "BTCUSD_PERP", "p": "65800.5", "q": "1", "f": 775933324, "l": 775933324, "T": 1712070250583, "m": true, "_doc": "28d5348d-987a-4f82-ab94-fa359244de4e"}, {"e": "aggTrade", "E": 1712070250589, "a": 315058155, "s": "BTCUSD_PERP", "p": "65801.1", "q": "1", "f": 775933323, "l": 775933323, "T": 1712070250583, "m": true, "_doc": "dbf6c62d-b730-44f5-9bf4-e40b53270e30"}, {"e": "aggTrade", "E": 1712070250589, "a": 315058154, "s": "BTCUSD_PERP", "p": "65801.6", "q": "1", "f": 775933322, "l": 775933322, "T": 1712070250583, "m": true, "_doc": "dbd9c46f-ed02-4e30-a820-3bc92c90613f"}, {"e": "aggTrade", "E": 1712070250589, "a": 315058153, "s": "BTCUSD_PERP", "p": "65802.2", "q": "1", "f": 775933321, "l": 775933321, "T": 1712070250583, "m": true, "_doc": "06f07016-e7bb-409a-a34c-a82c3dc47813"}, {"e": "aggTrade", "E": 1712070250589, "a": 315058152, "s": "BTCUSD_PERP", "p": "65803.3", "q": "55", "f": 775933320, "l": 775933320, "T": 1712070250583, "m": true, "_doc": "bd859502-e815-434b-af1a-d790bfa75e76"}, {"e": "aggTrade", "E": 1712070250589, "a": 315058151, "s": "BTCUSD_PERP", "p": "65803.8", "q": "1", "f": 775933319, "l": 775933319, "T": 1712070250583, "m": true, "_doc": "fe3b14b4-a50a-4b39-a49a-407de53f9dd8"}, {"e": "aggTrade", "E": 1712070250589, "a": 315058150, "s": "BTCUSD_PERP", "p": "65804.1", "q": "1", "f": 775933318, "l": 775933318, "T": 1712070250579, "m": true, "_doc": "bb490f9d-42a9-4bb8-8412-20a8f0e454ef"}, {"e": "aggTrade", "E": 1712070250584, "a": 315058149, "s": "BTCUSD_PERP", "p": "65804.9", "q": "1", "f": 775933317, "l": 775933317, "T": 1712070250579, "m": true, "_doc": "16f3b3cb-dd85-47a4-b664-604d3480a44a"}, {"e": "aggTrade", "E": 1712070250405, "a": 315058148, "s": "BTCUSD_PERP", "p": "65805.0", "q": "4", "f": 775933315, "l": 775933316, "T": 1712070250248, "m": true, "_doc": "eb250fe0-8dd7-452a-b7cf-8a3f365038c2"}, {"e": "aggTrade", "E": 1712070248973, "a": 315058147, "s": "BTCUSD_PERP", "p": "65805.1", "q": "157", "f": 775933314, "l": 775933314, "T": 1712070248815, "m": false, "_doc": "ab499b3d-4991-4ac8-b78f-0012c0a37cc6"}, {"e": "aggTrade", "E": 1712070248822, "a": 315058146, "s": "BTCUSD_PERP", "p": "65805.0", "q": "5", "f": 775933311, "l": 775933313, "T": 1712070248761, "m": true, "_doc": "6caa7c9c-95d6-4e1c-bc0b-ad288236d980"}, {"e": "aggTrade", "E": 1712070248772, "a": 315058145, "s": "BTCUSD_PERP", "p": "65806.1", "q": "2", "f": 775933309, "l": 775933310, "T": 1712070248736, "m": true, "_doc": "edd7ae8b-de65-47e2-ba45-b47f3c0a0243"}, {"e": "aggTrade", "E": 1712070248748, "a": 315058144, "s": "BTCUSD_PERP", "p": "65806.4", "q": "300", "f": 775933307, "l": 775933308, "T": 1712070248734, "m": true, "_doc": "819da333-e404-4927-8f79-56e7169b6ce1"}, {"e": "aggTrade", "E": 1712070248745, "a": 315058143, "s": "BTCUSD_PERP", "p": "65806.7", "q": "1", "f": 775933306, "l": 775933306, "T": 1712070248734, "m": true, "_doc": "db99bd53-46ee-41bd-9bff-26158d111fde"}, {"e": "aggTrade", "E": 1712070248743, "a": 315058142, "s": "BTCUSD_PERP", "p": "65806.8", "q": "182", "f": 775933305, "l": 775933305, "T": 1712070248733, "m": true, "_doc": "c02474f8-df63-4e76-9d98-93899f4adf89"}, {"e": "aggTrade", "E": 1712070248743, "a": 315058141, "s": "BTCUSD_PERP", "p": "65807.3", "q": "1", "f": 775933304, "l": 775933304, "T": 1712070248730, "m": true, "_doc": "53b0e852-fc82-45fa-b1a0-63cc7d48b523"}, {"e": "aggTrade", "E": 1712070248742, "a": 315058140, "s": "BTCUSD_PERP", "p": "65807.9", "q": "82", "f": 775933303, "l": 775933303, "T": 1712070248729, "m": true, "_doc": "0747e9c2-44bf-4374-811b-38b3e4d6cefe"}, {"e": "aggTrade", "E": 1712070248741, "a": 315058139, "s": "BTCUSD_PERP", "p": "65808.6", "q": "66", "f": 775933302, "l": 775933302, "T": 1712070248722, "m": true, "_doc": "91274fab-663a-4b1b-87e6-dbca80c144d0"}, {"e": "aggTrade", "E": 1712070248735, "a": 315058138, "s": "BTCUSD_PERP", "p": "65808.9", "q": "657", "f": 775933300, "l": 775933301, "T": 1712070248709, "m": true, "_doc": "3082436d-8e9d-4c0f-b443-ce627a1a95f6"}, {"e": "aggTrade", "E": 1712070248725, "a": 315058137, "s": "BTCUSD_PERP", "p": "65809.2", "q": "1", "f": 775933299, "l": 775933299, "T": 1712070248709, "m": true, "_doc": "f1026d66-4e92-44cd-b72c-965e96445af9"}, {"e": "aggTrade", "E": 1712070248725, "a": 315058136, "s": "BTCUSD_PERP", "p": "65809.9", "q": "200", "f": 775933297, "l": 775933298, "T": 1712070248707, "m": true, "_doc": "a3f46476-f77d-47fa-96d2-7cd169985a8c"}, {"e": "aggTrade", "E": 1712070248723, "a": 315058135, "s": "BTCUSD_PERP", "p": "65810.0", "q": "1", "f": 775933296, "l": 775933296, "T": 1712070248707, "m": true, "_doc": "2f9ab873-3107-4277-995a-2ae4d40515b1"}, {"e": "aggTrade", "E": 1712070248723, "a": 315058134, "s": "BTCUSD_PERP", "p": "65810.2", "q": "329", "f": 775933294, "l": 775933295, "T": 1712070248705, "m": true, "_doc": "cd45661e-d5b9-45c0-9782-136266082a18"}, {"e": "aggTrade", "E": 1712070248715, "a": 315058133, "s": "BTCUSD_PERP", "p": "65810.5", "q": "101", "f": 775933292, "l": 775933293, "T": 1712070248705, "m": true, "_doc": "8d2ad6a6-2a2e-4cd9-a7ac-11f86b3c8880"}, {"e": "aggTrade", "E": 1712070248715, "a": 315058132, "s": "BTCUSD_PERP", "p": "65810.8", "q": "11", "f": 775933291, "l": 775933291, "T": 1712070248705, "m": true, "_doc": "b11bc2b4-1a3f-4f6d-b5b6-4dcabe2c7a16"}, {"e": "aggTrade", "E": 1712070248715, "a": 315058131, "s": "BTCUSD_PERP", "p": "65812.6", "q": "847", "f": 775933290, "l": 775933290, "T": 1712070248689, "m": true, "_doc": "76c02324-5d0c-4e01-a043-81ecb985a402"}, {"e": "aggTrade", "E": 1712070248229, "a": 315058130, "s": "BTCUSD_PERP", "p": "65812.7", "q": "7", "f": 775933289, "l": 775933289, "T": 1712070248070, "m": true, "_doc": "ac25b920-cc1e-47f1-a142-e2444223b07e"}, {"e": "aggTrade", "E": 1712070248078, "a": 315058129, "s": "BTCUSD_PERP", "p": "65815.2", "q": "1", "f": 775933288, "l": 775933288, "T": 1712070248069, "m": true, "_doc": "fc6d8c66-8dff-4b97-9cf6-f161f8a5cd0d"}, {"e": "aggTrade", "E": 1712070248077, "a": 315058128, "s": "BTCUSD_PERP", "p": "65815.9", "q": "40", "f": 775933287, "l": 775933287, "T": 1712070248044, "m": true, "_doc": "94ecad90-d1c6-46fc-bf97-fe307dd7fd8a"}, {"e": "aggTrade", "E": 1712070248057, "a": 315058127, "s": "BTCUSD_PERP", "p": "65819.1", "q": "1", "f": 775933286, "l": 775933286, "T": 1712070248029, "m": true, "_doc": "5ffae093-fb0e-4b41-a5d0-0dfa36f526a7"}, {"e": "aggTrade", "E": 1712070248038, "a": 315058126, "s": "BTCUSD_PERP", "p": "65819.9", "q": "41", "f": 775933285, "l": 775933285, "T": 1712070248028, "m": true, "_doc": "35d1a27d-6783-4741-9a0b-9bccecb7aa7c"}, {"e": "aggTrade", "E": 1712070248035, "a": 315058125, "s": "BTCUSD_PERP", "p": "65821.1", "q": "1", "f": 775933284, "l": 775933284, "T": 1712070248028, "m": true, "_doc": "c14dc428-aafd-4470-a114-1bd795c7548c"}, {"e": "aggTrade", "E": 1712070248032, "a": 315058124, "s": "BTCUSD_PERP", "p": "65821.3", "q": "1", "f": 775933283, "l": 775933283, "T": 1712070248028, "m": true, "_doc": "3a28456c-e0dc-4e80-b933-642cec49fd26"}, {"e": "aggTrade", "E": 1712070248032, "a": 315058123, "s": "BTCUSD_PERP", "p": "65821.6", "q": "82", "f": 775933282, "l": 775933282, "T": 1712070248027, "m": true, "_doc": "35e71b6b-4e54-4ca3-bab8-0eab2162c52a"}, {"e": "aggTrade", "E": 1712070248032, "a": 315058122, "s": "BTCUSD_PERP", "p": "65821.7", "q": "1977", "f": 775933276, "l": 775933281, "T": 1712070248018, "m": true, "_doc": "87002380-134a-4cad-a295-f828bbfb1b88"}, {"e": "aggTrade", "E": 1712070248027, "a": 315058121, "s": "BTCUSD_PERP", "p": "65823.8", "q": "1", "f": 775933275, "l": 775933275, "T": 1712070247989, "m": true, "_doc": "364cdfe2-a355-4bb4-851d-6838b9b771ae"}, {"e": "aggTrade", "E": 1712070247998, "a": 315058120, "s": "BTCUSD_PERP", "p": "65823.9", "q": "521", "f": 775933267, "l": 775933274, "T": 1712070247982, "m": true, "_doc": "1968bab4-0268-4d26-a97d-9b4211c7cedd"}, {"e": "aggTrade", "E": 1712070247990, "a": 315058119, "s": "BTCUSD_PERP", "p": "65823.9", "q": "60", "f": 775933266, "l": 775933266, "T": 1712070247876, "m": true, "_doc": "cd655091-84fc-4ff1-ac6d-f6e2c581d049"}, {"e": "aggTrade", "E": 1712070246761, "a": 315058118, "s": "BTCUSD_PERP", "p": "65824.0", "q": "6", "f": 775933265, "l": 775933265, "T": 1712070246606, "m": false, "_doc": "52237cc0-ae4c-4715-b6ed-bb9540152e26"}, {"e": "aggTrade", "E": 1712070244151, "a": 315058117, "s": "BTCUSD_PERP", "p": "65821.3", "q": "2", "f": 775933264, "l": 775933264, "T": 1712070243993, "m": false, "_doc": "f658db4d-9097-41e5-8643-a472af79b5f3"}, {"e": "aggTrade", "E": 1712070244000, "a": 315058116, "s": "BTCUSD_PERP", "p": "65820.0", "q": "50", "f": 775933263, "l": 775933263, "T": 1712070243969, "m": false, "_doc": "b1bdd33e-ad8c-4d32-86ad-5708e5b5c3d7"}, {"e": "aggTrade", "E": 1712070243978, "a": 315058115, "s": "BTCUSD_PERP", "p": "65820.0", "q": "41", "f": 775933257, "l": 775933262, "T": 1712070243860, "m": false, "_doc": "4fc1b6e8-e390-4b8c-8d3b-6e2fe9f04351"}, {"e": "aggTrade", "E": 1712070243869, "a": 315058114, "s": "BTCUSD_PERP", "p": "65816.0", "q": "1223", "f": 775933229, "l": 775933256, "T": 1712070243796, "m": false, "_doc": "8d0bfd2b-4de4-44b6-97f6-073630657c7e"}, {"e": "aggTrade", "E": 1712070243803, "a": 315058113, "s": "BTCUSD_PERP", "p": "65816.0", "q": "705", "f": 775933212, "l": 775933228, "T": 1712070243685, "m": false, "_doc": "f4018da5-7c65-4d06-85d6-532bb1553539"}, {"e": "aggTrade", "E": 1712070243698, "a": 315058112, "s": "BTCUSD_PERP", "p": "65816.0", "q": "4", "f": 775933211, "l": 775933211, "T": 1712070243572, "m": false, "_doc": "2623fb7d-6c47-41ca-bc0f-9ef6e93339ce"}, {"e": "aggTrade", "E": 1712070243578, "a": 315058111, "s": "BTCUSD_PERP", "p": "65816.0", "q": "538", "f": 775933199, "l": 775933210, "T": 1712070243428, "m": false, "_doc": "dd18370d-a5cb-42cd-8438-5003ecea6cbe"}, {"e": "aggTrade", "E": 1712070243388, "a": 315058110, "s": "BTCUSD_PERP", "p": "65815.9", "q": "36", "f": 775933198, "l": 775933198, "T": 1712070243232, "m": true, "_doc": "3d2dcca3-b048-4834-8f8a-b9932ca357a1"}, {"e": "aggTrade", "E": 1712070243213, "a": 315058109, "s": "BTCUSD_PERP", "p": "65815.9", "q": "34", "f": 775933196, "l": 775933197, "T": 1712070243057, "m": true, "_doc": "cb3df13a-c8b7-4916-8c71-93fba8835674"}, {"e": "aggTrade", "E": 1712070243016, "a": 315058108, "s": "BTCUSD_PERP", "p": "65815.9", "q": "211", "f": 775933191, "l": 775933195, "T": 1712070242857, "m": true, "_doc": "497d42f0-d872-44ac-bfb1-0ba7ef2eeb5c"}, {"e": "aggTrade", "E": 1712070242817, "a": 315058107, "s": "BTCUSD_PERP", "p": "65815.9", "q": "114", "f": 775933190, "l": 775933190, "T": 1712070242657, "m": true, "_doc": "3d1a2e80-ab96-4702-907e-34855f8b01c0"}, {"e": "aggTrade", "E": 1712070242525, "a": 315058106, "s": "BTCUSD_PERP", "p": "65815.9", "q": "77", "f": 775933188, "l": 775933189, "T": 1712070242367, "m": true, "_doc": "ed3db354-659b-40ef-a085-42570988b98e"}, {"e": "aggTrade", "E": 1712070241164, "a": 315058105, "s": "BTCUSD_PERP", "p": "65815.9", "q": "70", "f": 775933184, "l": 775933187, "T": 1712070241005, "m": true, "_doc": "2981afed-93c2-431f-accd-ac792d0bbd14"}, {"e": "aggTrade", "E": 1712070240973, "a": 315058104, "s": "BTCUSD_PERP", "p": "65815.9", "q": "84", "f": 775933182, "l": 775933183, "T": 1712070240814, "m": true, "_doc": "e0ca3686-e464-4bee-98b4-eceea39cc6af"}, {"result": null, "id": 4485572885, "_doc": "e1fd44e5-4eac-4b10-ba22-014f546c4ecd"}]