[{"arg": {"channel": "books", "instId": "BTC-USDT"}, "action": "update", "data": [{"asks": [["65660.1", "0.01788035", "0", "1"], ["65660.7", "0", "0", "0"], ["65662.9", "0.11367876", "0", "1"], ["65663.4", "0.1894645", "0", "1"], ["65730.9", "0.01216884", "0", "1"], ["65823.2", "0", "0", "0"], ["65823.6", "0", "0", "0"]], "bids": [["65643.1", "0", "0", "0"], ["65628.9", "0.456975", "0", "1"], ["65625", "0.1894645", "0", "1"], ["65624.9", "0", "0", "0"], ["65624.2", "0", "0", "0"], ["65595.5", "1.02646479", "0", "1"], ["65573.1", "0", "0", "0"], ["65573", "0.00192708", "0", "1"], ["65560.9", "0", "0", "0"], ["65560.2", "0", "0", "0"], ["65539.3", "0.46006838", "0", "1"], ["65511.9", "0.09128433", "0", "1"], ["65511.7", "0", "0", "0"], ["65509.9", "0", "0", "0"], ["65408.8", "0.00020791", "0", "1"], ["65408.3", "0.00001029", "0", "1"]], "ts": "1712095267802", "checksum": -1134527934, "seqId": 23158033541, "prevSeqId": 23158033500}], "_doc": "3a1eef88-2155-4afe-9761-44f59cba3656"}, {"arg": {"channel": "books", "instId": "BTC-USDT"}, "action": "update", "data": [{"asks": [["65660.1", "0.13156004", "0", "2"], ["65662.9", "0", "0", "0"], ["65683.6", "0", "0", "0"], ["65736.6", "0.02966383", "0", "1"], ["65749.2", "0.00494728", "0", "2"], ["65750", "0.0351484", "0", "36"], ["65823.6", "0.00003295", "0", "1"]], "bids": [["65647.4", "0.0305", "0", "1"], ["65643.7", "0.04", "0", "1"], ["65643.6", "0.01799402", "0", "1"], ["65625.9", "0", "0", "0"], ["65610.9", "1.25537347", "0", "1"], ["65607.8", "0", "0", "0"], ["65589", "0", "0", "0"], ["65588.1", "0.09131337", "0", "1"], ["65586.1", "0", "0", "0"], ["65573.1", "0.00192708", "0", "1"], ["65572.7", "0", "0", "0"], ["65408.9", "0", "0", "0"]], "ts": "1712095267702", "checksum": 848253653, "seqId": 23158033500, "prevSeqId": 23158033471}], "_doc": "aeb1d7c1-2493-4d79-9d82-989b8bea3459"}, {"arg": {"channel": "books", "instId": "BTC-USDT"}, "action": "update", "data": [{"asks": [["65660.1", "0.01788035", "0", "1"], ["65660.7", "0.18946609", "0", "1"], ["65662.9", "0.11367865", "0", "1"], ["65703.3", "0.28677255", "0", "1"], ["65709.4", "0.00667952", "0", "1"], ["65823.6", "0", "0", "0"], ["65824.4", "0", "0", "0"]], "bids": [["65624.2", "0.18946609", "0", "1"], ["65577.9", "0.09129294", "0", "1"], ["65575.9", "0", "0", "0"], ["65572.9", "0.09129072", "0", "1"], ["65572.8", "0", "0", "0"], ["65572.7", "0.00192708", "0", "1"], ["65408.9", "0.00192708", "0", "1"], ["65408.8", "0", "0", "0"], ["65408.3", "0", "0", "0"]], "ts": "1712095267602", "checksum": 1026245200, "seqId": 23158033471, "prevSeqId": 23158033444}], "_doc": "257d64c6-bf37-457d-9194-278167a11f6f"}, {"arg": {"channel": "books", "instId": "BTC-USDT"}, "action": "update", "data": [{"asks": [["65702", "1.00324778", "0", "1"], ["65749.2", "0.03460544", "0", "3"], ["65757.4", "0.00058966", "0", "2"], ["65824.8", "0", "0", "0"]], "bids": [["65625.9", "0.0121883", "0", "1"], ["65572.7", "0", "0", "0"], ["65408.9", "0", "0", "0"], ["65408.3", "0.00001029", "0", "1"]], "ts": "1712095267502", "checksum": 91648003, "seqId": 23158033444, "prevSeqId": 23158033437}], "_doc": "1bd1c65a-785f-4bb1-9af8-ebee80e17653"}, {"arg": {"channel": "books", "instId": "BTC-USDT"}, "action": "update", "data": [{"asks": [["65653.8", "0.0305", "0", "1"], ["65656.7", "0.04", "0", "1"], ["65664.6", "0", "0", "0"], ["65688.1", "0", "0", "0"], ["65688.3", "0.02", "0", "1"], ["65725.9", "0", "0", "0"]], "bids": [["65571.6", "0.09129058", "0", "1"], ["65571.4", "0.00460576", "0", "1"], ["65553.3", "0.01590126", "0", "1"], ["65408.3", "0", "0", "0"], ["65408.1", "0", "0", "0"]], "ts": "1712095267402", "checksum": 91648003, "seqId": 23158033437, "prevSeqId": 23158033417}], "_doc": "1f6d49a8-237a-4195-a445-75b48c488531"}, {"arg": {"channel": "books", "instId": "BTC-USDT"}, "action": "update", "data": [{"asks": [["65673.5", "1.13315001", "0", "1"], ["65688", "0", "0", "0"], ["65688.2", "0.02", "0", "1"], ["65716.7", "0.08007773", "0", "1"], ["65718.7", "0.04173298", "0", "2"], ["65721.3", "0", "0", "0"], ["65824.9", "0", "0", "0"]], "bids": [["65563.2", "0.138", "0", "1"], ["65563.1", "0.21", "0", "1"], ["65563", "0", "0", "0"], ["65562.5", "0.02", "0", "1"], ["65562.4", "0.20259228", "0", "3"], ["65547.8", "0.09153618", "0", "1"], ["65406.6", "0", "0", "0"]], "ts": "1712095267302", "checksum": -447907956, "seqId": 23158033417, "prevSeqId": 23158033402}], "_doc": "c1596518-ffeb-489d-be5f-cea0a1338a9a"}, {"arg": {"channel": "books", "instId": "BTC-USDT"}, "action": "update", "data": [{"asks": [["65656.9", "0", "0", "0"], ["65658.6", "0.03583081", "0", "2"], ["65663.5", "0.14233652", "0", "1"], ["65663.6", "0.23722738", "0", "1"], ["65663.9", "0", "0", "0"], ["65735.9", "0", "0", "0"], ["65750", "0.0473137", "0", "37"], ["65757.4", "0.03024412", "0", "3"], ["65824.9", "0.00007402", "0", "1"]], "bids": [["65593.7", "0.09132212", "0", "1"], ["65593.5", "0", "0", "0"], ["65588.4", "0.09130572", "0", "1"], ["65586.4", "0", "0", "0"]], "ts": "1712095267202", "checksum": -447907956, "seqId": 23158033402, "prevSeqId": 23158033386}], "_doc": "851259a9-482c-486e-8844-565b901fd5cb"}, {"arg": {"channel": "books", "instId": "BTC-USDT"}, "action": "update", "data": [{"asks": [["65659.9", "0", "0", "0"], ["65660.1", "0.12319379", "0", "3"], ["65660.7", "0.18946576", "0", "1"], ["65669.4", "0", "0", "0"], ["65669.8", "0", "0", "0"], ["65685.5", "0.15217466", "0", "1"], ["65824.8", "0.00002698", "0", "1"]], "bids": [["65644.1", "0.04", "0", "1"], ["65624.2", "0.18946637", "0", "1"], ["65622.2", "0", "0", "0"], ["65406.5", "0", "0", "0"]], "ts": "1712095267102", "checksum": -763658542, "seqId": 23158033386, "prevSeqId": 23158033375}], "_doc": "c313aa05-d2b8-43ed-a6f8-bd0d74140ac8"}, {"arg": {"channel": "books", "instId": "BTC-USDT"}, "action": "update", "data": [{"asks": [["65664.8", "0", "0", "0"], ["65665.7", "0.0766694", "0", "2"], ["65673.8", "1.88858334", "0", "2"], ["65674.9", "0", "0", "0"], ["65675.7", "0", "0", "0"], ["65681", "0", "0", "0"], ["65681.9", "0.09197483", "0", "2"], ["65822.8", "0.00005517", "0", "1"], ["65823.2", "0.00001847", "0", "1"], ["65823.6", "0.00003295", "0", "1"], ["65824.4", "0.00002196", "0", "1"]], "bids": [["65651.1", "0.10710369", "0", "2"], ["65644", "0.1124503", "0", "2"], ["65639.6", "0.01180678", "0", "1"], ["65638.8", "0", "0", "0"], ["65637.4", "0.03748792", "0", "1"], ["65636.5", "0", "0", "0"], ["65624.2", "0", "0", "0"], ["65622.8", "0.00001523", "0", "1"], ["65622.2", "0.18946846", "0", "1"], ["65621.2", "0.05959404", "0", "1"], ["65620.4", "0", "0", "0"], ["65616.8", "0", "0", "0"], ["65610.8", "0.0000457", "0", "1"], ["65609.3", "0", "0", "0"], ["65607.8", "1.25537347", "0", "1"], ["65604.9", "0", "0", "0"]], "ts": "1712095267002", "checksum": -1068761668, "seqId": 23158033375, "prevSeqId": 23158033350}], "_doc": "c61e7e2b-a457-4533-afa2-85f356db36c9"}, {"arg": {"channel": "books", "instId": "BTC-USDT"}, "action": "update", "data": [{"asks": [["65655.4", "0.0305", "0", "1"], ["65660.1", "0.0848091", "0", "2"], ["65678.4", "0.01583661", "0", "1"], ["65688", "0.02", "0", "1"], ["65688.1", "0.02", "0", "1"], ["65688.3", "0", "0", "0"], ["65688.4", "0", "0", "0"], ["65822.8", "0", "0", "0"], ["65823.2", "0", "0", "0"]], "bids": [["65637.8", "0.0305", "0", "1"], ["65624.2", "0.18946713", "0", "1"], ["65563.1", "0.23", "0", "2"], ["65563", "0.02", "0", "1"], ["65562.8", "0", "0", "0"], ["65562.7", "0", "0", "0"]], "ts": "1712095266902", "checksum": -1963087302, "seqId": 23158033350, "prevSeqId": 23158033326}], "_doc": "f1bc6f38-83f1-48aa-8b22-7896734d25ea"}, {"arg": {"channel": "books", "instId": "BTC-USDT"}, "action": "update", "data": [{"asks": [["65664.8", "0.03685924", "0", "1"], ["65664.9", "0", "0", "0"], ["65681", "0.05677893", "0", "1"], ["65681.1", "0", "0", "0"], ["65716.8", "0.09130086", "0", "1"], ["65743.1", "0.11130086", "0", "2"], ["65769.4", "0.09130086", "0", "1"], ["65777.2", "0", "0", "0"], ["65823.6", "0", "0", "0"]], "bids": [["65644.3", "0.04", "0", "1"], ["65636.6", "0", "0", "0"], ["65636.5", "0.03668333", "0", "1"], ["65624.2", "0.18946715", "0", "1"], ["65620.5", "0", "0", "0"], ["65585.3", "0.09130086", "0", "1"], ["65559", "0.09130086", "0", "1"], ["65532.8", "0.09130086", "0", "1"], ["65406.3", "0", "0", "0"], ["65403.9", "0", "0", "0"], ["65402.9", "0", "0", "0"], ["65401.4", "0", "0", "0"]], "ts": "1712095266802", "checksum": 1808818046, "seqId": 23158033326, "prevSeqId": 23158033308}], "_doc": "8bee1cce-6e56-4fde-b6d5-99667f717e30"}, {"arg": {"channel": "books", "instId": "BTC-USDT"}, "action": "update", "data": [{"asks": [["65658.9", "0.07654941", "0", "1"], ["65659.9", "0.18946735", "0", "1"], ["65660.1", "0.06692875", "0", "1"], ["65660.6", "0", "0", "0"], ["65701.8", "0.03", "0", "1"], ["65717.1", "0", "0", "0"], ["65721.6", "0.06", "0", "1"], ["65743.4", "0", "0", "0"], ["65769.2", "0.00013968", "0", "2"], ["65769.7", "0", "0", "0"], ["65823.2", "0.00001847", "0", "1"], ["65823.6", "0.00003295", "0", "1"]], "bids": [["65647.2", "0", "0", "0"], ["65645.8", "0.0305", "0", "1"], ["65622.1", "0.1523215", "0", "1"], ["65620.5", "0.1894687", "0", "1"], ["65606.1", "0.02", "0", "1"], ["65595.4", "0", "0", "0"], ["65583.3", "0.09130364", "0", "1"], ["65575.7", "0.29", "0", "3"], ["65557", "0.24383364", "0", "2"], ["65530.8", "0.09130364", "0", "1"]], "ts": "1712095266702", "checksum": -427762012, "seqId": 23158033308, "prevSeqId": 23158033267}], "_doc": "12581966-7546-4548-9d21-b87e965983d9"}, {"arg": {"channel": "books", "instId": "BTC-USDT"}, "action": "update", "data": [{"asks": [["65715.1", "0", "0", "0"], ["65737.1", "0.1", "0", "5"], ["65822.8", "0.00005517", "0", "1"]], "bids": [["65635.3", "0.04", "0", "1"], ["65624.2", "0", "0", "0"], ["65620.5", "0.18946874", "0", "1"], ["65595.5", "0", "0", "0"], ["65575.7", "0.23", "0", "2"], ["65401.4", "0.00001003", "0", "1"]], "ts": "1712095266602", "checksum": -2067851383, "seqId": 23158033267, "prevSeqId": 23158033254}], "_doc": "0ba2b82a-2c53-4382-b531-7f93fe92cb46"}, {"arg": {"channel": "books", "instId": "BTC-USDT"}, "action": "update", "data": [{"asks": [["65658.5", "0", "0", "0"], ["65658.6", "0.00533081", "0", "1"], ["65658.9", "0.11368064", "0", "1"], ["65659.9", "0.18946767", "0", "1"], ["65688", "0", "0", "0"], ["65688.1", "0", "0", "0"], ["65688.3", "0.02", "0", "1"], ["65688.4", "0.02", "0", "1"], ["65701.6", "0.12", "0", "3"], ["65715", "0.02009673", "0", "2"], ["65715.2", "0", "0", "0"], ["65721.6", "0.09", "0", "2"], ["65722.9", "1.25203807", "0", "1"], ["65737.1", "0.08", "0", "4"], ["65822.8", "0", "0", "0"], ["65823.2", "0", "0", "0"]], "bids": [["65643.1", "0.04", "0", "1"], ["65638.8", "0.01180678", "0", "1"], ["65638.1", "0", "0", "0"], ["65635.3", "0.12", "0", "1"], ["65624.2", "0.18946767", "0", "1"], ["65620.5", "0", "0", "0"], ["65618.1", "0.0049", "0", "1"], ["65595.4", "0.06", "0", "1"], ["65575.5", "0.06", "0", "2"], ["65563.1", "0.21", "0", "1"], ["65563", "0", "0", "0"], ["65562.8", "0.02", "0", "1"], ["65562.7", "0.02", "0", "1"], ["65401.4", "0", "0", "0"], ["65400.9", "0", "0", "0"], ["65400", "0", "0", "0"], ["65399.9", "0", "0", "0"]], "ts": "1712095266502", "checksum": 1438427559, "seqId": 23158033254, "prevSeqId": 23158033205}], "_doc": "a105fd86-e5ea-4e5c-9974-e9f87e22b23d"}, {"arg": {"channel": "books", "instId": "BTC-USDT"}, "action": "update", "data": [{"asks": [["65653.7", "0.15224847", "0", "1"], ["65655.9", "0.07146001", "0", "1"], ["65658.5", "0.11688073", "0", "1"], ["65658.6", "0.19480117", "0", "2"], ["65658.7", "0", "0", "0"], ["65658.8", "0", "0", "0"], ["65663.9", "0.09119496", "0", "1"], ["65664.7", "0", "0", "0"], ["65665.6", "0.00310994", "0", "1"], ["65671", "0.15220822", "0", "1"], ["65677.4", "0.07379724", "0", "2"], ["65689.9", "0", "0", "0"], ["65823.6", "0", "0", "0"]], "bids": [["65643", "0.86722479", "0", "1"], ["65642.4", "0.17127", "0", "1"], ["65639", "0.2108512", "0", "2"], ["65638.3", "0", "0", "0"], ["65635.5", "0.24281713", "0", "2"], ["65634.9", "0", "0", "0"], ["65632", "0.0691", "0", "1"], ["65631.4", "0", "0", "0"], ["65621.4", "0", "0", "0"], ["65621.3", "0", "0", "0"], ["65620.5", "0.18947036", "0", "1"], ["65614.9", "0.15233819", "0", "1"], ["65604", "0.1164478", "0", "2"], ["65399.9", "0.01191002", "0", "2"]], "ts": "1712095266402", "checksum": -1856841023, "seqId": 23158033205, "prevSeqId": 23158033157}], "_doc": "68f818ea-1c29-4e7f-8e15-c4d268449900"}, {"arg": {"channel": "books", "instId": "BTC-USDT"}, "action": "update", "data": [{"asks": [["65658.7", "0.11368208", "0", "1"], ["65658.8", "0.18947014", "0", "1"], ["65658.9", "0", "0", "0"], ["65659.9", "0", "0", "0"], ["65674.9", "1.12277815", "0", "1"], ["65678", "0", "0", "0"], ["65688", "0.02", "0", "1"], ["65688.1", "0.02", "0", "1"], ["65688.9", "0", "0", "0"], ["65689", "0", "0", "0"], ["65707", "0.05478868", "0", "1"], ["65749.9", "0.05481657", "0", "2"], ["65775", "0.00001", "0", "1"], ["65786", "0.00001", "0", "1"], ["65824.4", "0", "0", "0"], ["65824.8", "0", "0", "0"], ["65824.9", "0", "0", "0"]], "bids": [["65645.8", "0", "0", "0"], ["65645.1", "0", "0", "0"], ["65642.7", "0", "0", "0"], ["65642.4", "0", "0", "0"], ["65639.3", "0", "0", "0"], ["65639", "0.0053312", "0", "1"], ["65638.3", "0.17127", "0", "1"], ["65638.1", "0.01180678", "0", "1"], ["65635.5", "0.00304713", "0", "1"], ["65634.9", "0.20552", "0", "1"], ["65631.4", "0.23977", "0", "1"], ["65629.3", "0", "0", "0"], ["65627", "0.0049", "0", "1"], ["65621.9", "0", "0", "0"], ["65621.4", "0.18947014", "0", "1"], ["65595.2", "0", "0", "0"], ["65563.1", "0.23", "0", "2"], ["65563", "0.02", "0", "1"], ["65562.5", "0", "0", "0"], ["65562.4", "0.18259228", "0", "2"], ["65560.9", "0.59420955", "0", "1"], ["65555.8", "0.01715984", "0", "1"], ["65400.9", "0.00006171", "0", "1"], ["65400", "0.05281346", "0", "52"]], "ts": "1712095266302", "checksum": 596032028, "seqId": 23158033157, "prevSeqId": 23158033106}], "_doc": "155c8ad6-18f3-44d6-81e8-242553b66df6"}, {"arg": {"channel": "books", "instId": "BTC-USDT"}, "action": "update", "data": [{"asks": [["65681.6", "0.74197921", "0", "1"], ["65715", "0.04009673", "0", "3"], ["65715.2", "0.06", "0", "3"], ["65747", "0", "0", "0"], ["65794", "0.00155375", "0", "2"]], "bids": [["65647.4", "0", "0", "0"], ["65640.2", "0", "0", "0"], ["65639.3", "0.01180678", "0", "1"], ["65401.4", "0.00001003", "0", "1"]], "ts": "1712095266202", "checksum": -578430939, "seqId": 23158033106, "prevSeqId": 23158033091}], "_doc": "c256faf6-02e0-46da-9318-9af65e254621"}, {"arg": {"channel": "books", "instId": "BTC-USDT"}, "action": "update", "data": [{"asks": [["65658.5", "0", "0", "0"], ["65658.9", "0.11368111", "0", "1"], ["65659.9", "0.18946843", "0", "1"], ["65701.3", "0.59177718", "0", "3"], ["65703.2", "0", "0", "0"], ["65715", "0.04008673", "0", "2"], ["65715.1", "0.02", "0", "1"], ["65715.2", "0.04", "0", "2"], ["65736.5", "0.17000258", "0", "1"], ["65747", "0.02", "0", "1"], ["65764.9", "0", "0", "0"], ["65780", "0.00001", "0", "1"], ["65825", "0", "0", "0"]], "bids": [["65640.2", "0.01180678", "0", "1"], ["65639.4", "0.0305", "0", "1"], ["65486.3", "0", "0", "0"], ["65483", "0.00904122", "0", "2"], ["65413.9", "0", "0", "0"], ["65410.8", "0.00062169", "0", "1"]], "ts": "1712095266102", "checksum": -1738589756, "seqId": 23158033091, "prevSeqId": 23158033058}], "_doc": "d3a7d86a-fa43-4138-8fc4-aa39797fcc84"}, {"arg": {"channel": "books", "instId": "BTC-USDT"}, "action": "update", "data": [{"asks": [["65688.2", "0", "0", "0"], ["65688.3", "0", "0", "0"], ["65688.9", "0.02", "0", "1"], ["65689", "0.02", "0", "1"], ["65701.6", "0.09", "0", "2"], ["65702", "0", "0", "0"], ["65721.4", "0.21129447", "0", "5"], ["65721.5", "0.03", "0", "1"]], "bids": [["65647.4", "0.0305", "0", "1"], ["65640.2", "0", "0", "0"], ["65639.4", "0.04230678", "0", "2"], ["65595.4", "0.09", "0", "2"], ["65595.3", "0.06", "0", "2"], ["65575.6", "0.1715478", "0", "3"], ["65575.5", "0.03", "0", "1"], ["65562.6", "0", "0", "0"], ["65562.4", "0.20259228", "0", "3"]], "ts": "1712095266002", "checksum": -793824421, "seqId": 23158033058, "prevSeqId": 23158033032}], "_doc": "cbb5c845-7670-4d0f-bb1d-39c71dc542f0"}, {"arg": {"channel": "books", "instId": "BTC-USDT"}, "action": "update", "data": [{"asks": [["65673.5", "0", "0", "0"], ["65675.7", "1.8712968", "0", "1"], ["65764.9", "0.01447042", "0", "1"], ["65826", "0", "0", "0"]], "bids": [], "ts": "1712095265902", "checksum": -1767390761, "seqId": 23158033032, "prevSeqId": 23158033025}], "_doc": "e2a0b5c5-0534-4306-aeae-6bc314bc4094"}, {"arg": {"channel": "books", "instId": "BTC-USDT"}, "action": "update", "data": [{"asks": [["65658.6", "0.00533081", "0", "1"], ["65658.9", "0.18946926", "0", "1"], ["65664.9", "0.03821085", "0", "1"], ["65681.1", "0.0539034", "0", "1"], ["65710", "0.65183401", "0", "1"], ["65714", "0.04565238", "0", "1"], ["65736.3", "0", "0", "0"], ["65740.3", "0.04565238", "0", "1"], ["65762.6", "0", "0", "0"], ["65766.6", "0.04565238", "0", "1"], ["65826.3", "0", "0", "0"], ["65827", "0", "0", "0"], ["65827.1", "0", "0", "0"], ["65828.5", "0", "0", "0"]], "bids": [["65647.4", "0", "0", "0"], ["65645.1", "0.86722479", "0", "1"], ["65642.7", "0.04", "0", "1"], ["65640.2", "0.01180678", "0", "1"], ["65638.9", "0", "0", "0"], ["65636.6", "0.03896165", "0", "1"], ["65632.4", "0.1115478", "0", "1"], ["65621.4", "0.18946955", "0", "1"], ["65620.4", "0.05959579", "0", "1"], ["65582.5", "0.04565238", "0", "1"], ["65578.5", "0", "0", "0"], ["65556.2", "0.04565238", "0", "1"], ["65552.2", "0.04574465", "0", "1"], ["65530", "0.04565238", "0", "1"], ["65526", "0", "0", "0"], ["65401.4", "0", "0", "0"], ["65400.9", "0", "0", "0"], ["65400", "0", "0", "0"], ["65399.9", "0", "0", "0"], ["65398.7", "0", "0", "0"]], "ts": "1712095265802", "checksum": -1767390761, "seqId": 23158033025, "prevSeqId": 23158032976}], "_doc": "829126f2-a0ba-4e9a-b2ec-e11264ca0236"}, {"arg": {"channel": "books", "instId": "BTC-USDT"}, "action": "update", "data": [{"asks": [["65658.5", "0.11688028", "0", "1"], ["65658.6", "0.19480042", "0", "2"], ["65658.7", "0", "0", "0"], ["65658.8", "0", "0", "0"], ["65660.2", "0.0305", "0", "1"], ["65665.7", "0.04", "0", "1"], ["65681.9", "0.03392932", "0", "1"], ["65687.7", "0", "0", "0"], ["65687.8", "0", "0", "0"], ["65688.2", "0.02", "0", "1"], ["65688.3", "0.02", "0", "1"], ["65764.9", "0", "0", "0"], ["65828.5", "0.00001252", "0", "1"]], "bids": [["65651.1", "0.05710369", "0", "1"], ["65647", "0.04", "0", "1"], ["65639.7", "0", "0", "0"], ["65638.9", "0.01180678", "0", "1"], ["65637.4", "0", "0", "0"], ["65621.4", "0.18947095", "0", "1"], ["65621.3", "0.15232331", "0", "1"], ["65615.2", "0", "0", "0"], ["65611.8", "0.05021127", "0", "1"], ["65573.7", "0", "0", "0"], ["65562.7", "0", "0", "0"], ["65562.5", "0.02", "0", "1"], ["65398.7", "0.00002318", "0", "1"]], "ts": "1712095265702", "checksum": 1911166944, "seqId": 23158032976, "prevSeqId": 23158032940}], "_doc": "ba797d3b-cbc7-47c3-a191-4fb25d5a8ee9"}, {"arg": {"channel": "books", "instId": "BTC-USDT"}, "action": "update", "data": [{"asks": [["65687.7", "0.02", "0", "1"], ["65687.8", "0.02", "0", "1"], ["65689.6", "0", "0", "0"], ["65718.6", "0", "0", "0"], ["65720.6", "0.04564779", "0", "1"], ["65735.9", "0.01216782", "0", "1"], ["65744.9", "0", "0", "0"], ["65746.9", "0.04564779", "0", "1"], ["65828.5", "0", "0", "0"], ["65830.1", "0", "0", "0"]], "bids": [["65573.7", "0.00794723", "0", "1"], ["65562.7", "0.02", "0", "1"], ["65562.6", "0.02", "0", "1"], ["65562.5", "0", "0", "0"], ["65562.2", "0.00172545", "0", "1"], ["65559.4", "0", "0", "0"], ["65559.3", "0", "0", "0"], ["65486.3", "0.00763519", "0", "1"], ["65483", "0.00140565", "0", "1"], ["65398.7", "0", "0", "0"], ["65398.4", "0", "0", "0"]], "ts": "1712095265602", "checksum": 2062590163, "seqId": 23158032940, "prevSeqId": 23158032910}], "_doc": "e01447f7-40cc-4106-9705-926c559facd1"}, {"arg": {"channel": "books", "instId": "BTC-USDT"}, "action": "update", "data": [{"asks": [["65651.2", "0.21256586", "0", "4"], ["65664.5", "0", "0", "0"], ["65664.6", "0.04", "0", "1"], ["65665.7", "0.07576471", "0", "2"], ["65669.7", "0", "0", "0"], ["65673.5", "1.84634045", "0", "1"], ["65680.7", "0", "0", "0"], ["65681.9", "0.09087545", "0", "2"], ["65692.2", "0.00188225", "0", "1"], ["65705.9", "0.0005643", "0", "1"], ["65709.9", "0.09131045", "0", "1"], ["65736.6", "0", "0", "0"], ["65764.9", "0.01447042", "0", "1"], ["65830.2", "0", "0", "0"]], "bids": [["65651.1", "0.10710369", "0", "2"], ["65647.4", "0.0305", "0", "1"], ["65647.2", "0.0433503", "0", "1"], ["65642", "0.0053312", "0", "1"], ["65639.7", "0.01180678", "0", "1"], ["65639", "0.2261812", "0", "2"], ["65637.4", "0.03899642", "0", "1"], ["65636.2", "0", "0", "0"], ["65621.3", "0.20463914", "0", "2"], ["65620", "0.0691", "0", "1"], ["65581.2", "0", "0", "0"], ["65581.1", "0", "0", "0"], ["65576.8", "0.00062148", "0", "1"], ["65572.8", "0.00192677", "0", "1"], ["65553.9", "0.00084689", "0", "1"], ["65516.9", "0.6634297", "0", "1"], ["65415.3", "0", "0", "0"], ["65413.9", "0.00062148", "0", "1"], ["65408.9", "0.00192677", "0", "1"], ["65397", "0", "0", "0"], ["65396.6", "0", "0", "0"], ["65396.1", "0", "0", "0"], ["65396", "0", "0", "0"], ["65395.5", "0", "0", "0"], ["65395", "0", "0", "0"], ["65392.7", "0", "0", "0"]], "ts": "1712095265502", "checksum": 2062590163, "seqId": 23158032910, "prevSeqId": 23158032858}], "_doc": "818031b7-365e-4b1f-ac68-d38a27f7e3c8"}, {"arg": {"channel": "books", "instId": "BTC-USDT"}, "action": "update", "data": [{"asks": [["65655.7", "0", "0", "0"], ["65656", "0.1191", "0", "2"], ["65658.7", "0.11368387", "0", "1"], ["65658.8", "0.18947308", "0", "1"], ["65658.9", "0", "0", "0"], ["65664", "0.11146888", "0", "18"], ["65664.2", "0.15199157", "0", "1"], ["65664.5", "0.03893032", "0", "1"], ["65665.3", "0", "0", "0"], ["65668.3", "0.04096339", "0", "1"], ["65669.5", "0", "0", "0"], ["65669.7", "1.84634045", "0", "1"], ["65673.5", "0", "0", "0"], ["65680.4", "0", "0", "0"], ["65680.7", "0.0587077", "0", "1"], ["65689.1", "0", "0", "0"], ["65693.9", "0.00761106", "0", "1"], ["65706.9", "0", "0", "0"], ["65709.9", "0.09187475", "0", "2"], ["65720.7", "0", "0", "0"], ["65728.5", "0.20481304", "0", "2"], ["65729.9", "0.00760689", "0", "1"], ["65742.8", "0.09131045", "0", "1"], ["65749.2", "0.00494728", "0", "2"], ["65753.6", "0", "0", "0"], ["65755.8", "0.01522624", "0", "1"], ["65775.7", "0.09131045", "0", "1"], ["65776.4", "0.00025667", "0", "1"], ["65786.5", "0", "0", "0"], ["65808.5", "0.09131045", "0", "1"], ["65819.3", "0", "0", "0"]], "bids": [["65645.8", "0.0305", "0", "1"], ["65642.4", "0.18404", "0", "1"], ["65640.9", "0.15199157", "0", "1"], ["65639", "0.23798798", "0", "3"], ["65637.7", "0", "0", "0"], ["65636.2", "0.03701865", "0", "1"], ["65635.9", "0", "0", "0"], ["65635.5", "0.26070713", "0", "2"], ["65632.4", "0", "0", "0"], ["65628.9", "0", "0", "0"], ["65625.4", "0", "0", "0"], ["65621.9", "0.0049", "0", "1"], ["65621.4", "0.18947606", "0", "1"], ["65620.1", "0", "0", "0"], ["65620", "0.12388577", "0", "2"], ["65619.8", "0", "0", "0"], ["65609.1", "0.66249735", "0", "1"], ["65593.4", "0", "0", "0"], ["65581.2", "0.00062146", "0", "1"], ["65578.1", "0", "0", "0"], ["65574.6", "0", "0", "0"], ["65565", "0", "0", "0"], ["65562.5", "0.00172531", "0", "1"], ["65504.1", "0", "0", "0"], ["65493.7", "0.00763432", "0", "1"], ["65488.8", "0.03108454", "0", "1"], ["65415.3", "0.00062146", "0", "1"], ["65413.9", "0", "0", "0"], ["65396.1", "0.00172531", "0", "1"], ["65395", "0.00002932", "0", "1"], ["65392.7", "0.00018308", "0", "1"]], "ts": "1712095265402", "checksum": 1806046600, "seqId": 23158032858, "prevSeqId": 23158032746}], "_doc": "cdda3eed-3752-4115-8313-e067f083709f"}, {"arg": {"channel": "books", "instId": "BTC-USDT"}, "action": "update", "data": [{"asks": [["65651.2", "0.17256586", "0", "3"], ["65651.8", "0.16482", "0", "2"], ["65651.9", "0.05", "0", "1"], ["65652", "0.48406009", "0", "2"], ["65652.1", "0.05", "0", "1"], ["65652.2", "0.0305", "0", "1"], ["65653.3", "0.57", "0", "1"], ["65655.7", "0.18947875", "0", "1"], ["65656", "0.12443081", "0", "3"], ["65656.9", "0.04437978", "0", "1"], ["65658.6", "0.00533081", "0", "1"], ["65658.8", "0", "0", "0"], ["65658.9", "0.07654936", "0", "1"], ["65659", "0.12758226", "0", "2"], ["65660.8", "0.1115478", "0", "1"], ["65663", "0.01522927", "0", "1"], ["65664.2", "0.03570775", "0", "1"], ["65665.2", "0", "0", "0"], ["65665.5", "0", "0", "0"], ["65665.6", "0.24033732", "0", "2"], ["65665.7", "0.04", "0", "1"], ["65669.8", "0.15221094", "0", "1"], ["65670.7", "0", "0", "0"], ["65673.5", "1.84634045", "0", "1"], ["65673.9", "0.08", "0", "1"], ["65676.1", "0.02284804", "0", "1"], ["65679.1", "0", "0", "0"], ["65679.2", "0", "0", "0"], ["65679.7", "0", "0", "0"], ["65680.4", "0.0570029", "0", "1"], ["65682", "0", "0", "0"], ["65682.1", "0", "0", "0"], ["65686.7", "0", "0", "0"], ["65686.9", "0", "0", "0"], ["65689.6", "0.04306643", "0", "3"], ["65689.9", "0.77145353", "0", "1"], ["65714.4", "0.54647978", "0", "2"], ["65721.4", "0.27129447", "0", "6"], ["65736.6", "0.0121677", "0", "1"], ["65737.9", "0", "0", "0"], ["65740.7", "0", "0", "0"], ["65747.7", "0.09129447", "0", "1"], ["65757.7", "0", "0", "0"], ["65766.9", "0.0011", "0", "1"], ["65767", "0", "0", "0"], ["65767.8", "0", "0", "0"], ["65774", "0.09129447", "0", "1"], ["65776.4", "0.05503129", "0", "2"], ["65830.3", "0", "0", "0"], ["65831.1", "0", "0", "0"], ["65831.3", "0", "0", "0"], ["65831.4", "0", "0", "0"], ["65831.6", "0", "0", "0"], ["65831.7", "0", "0", "0"], ["65831.9", "0", "0", "0"], ["65832.4", "0", "0", "0"]], "bids": [["65655.9", "0", "0", "0"], ["65655.4", "0", "0", "0"], ["65655.2", "0", "0", "0"], ["65653.8", "0", "0", "0"], ["65652", "0", "0", "0"], ["65651.9", "0", "0", "0"], ["65651.8", "0", "0", "0"], ["65650.6", "0", "0", "0"], ["65650", "0", "0", "0"], ["65649.5", "0", "0", "0"], ["65648.3", "0", "0", "0"], ["65648", "0", "0", "0"], ["65647.4", "0", "0", "0"], ["65647.2", "0", "0", "0"], ["65646.7", "0", "0", "0"], ["65645.8", "0", "0", "0"], ["65645.7", "0", "0", "0"], ["65644.3", "0", "0", "0"], ["65643.8", "0", "0", "0"], ["65643.2", "0", "0", "0"], ["65643", "0", "0", "0"], ["65642.4", "0", "0", "0"], ["65641.9", "0", "0", "0"], ["65641.5", "0.01523425", "0", "1"], ["65640.3", "0", "0", "0"], ["65639", "0.0053312", "0", "1"], ["65637.7", "0.01180678", "0", "1"], ["65637.3", "0.1522862", "0", "1"], ["65636.6", "0", "0", "0"], ["65635.9", "0.03936328", "0", "1"], ["65635.5", "0.00304713", "0", "1"], ["65634.5", "0.00533081", "0", "1"], ["65632.4", "0.18404", "0", "1"], ["65632.1", "0.03872", "0", "1"], ["65629.1", "0.04", "0", "1"], ["65628.9", "0.22085", "0", "1"], ["65628.1", "0", "0", "0"], ["65626.2", "0", "0", "0"], ["65625.4", "0.25766", "0", "1"], ["65625", "0", "0", "0"], ["65622.9", "0", "0", "0"], ["65620.1", "0.18947875", "0", "1"], ["65619.8", "0.05553371", "0", "1"], ["65616.9", "0", "0", "0"], ["65615.6", "0", "0", "0"], ["65613.1", "0", "0", "0"], ["65613", "0", "0", "0"], ["65609.3", "1.33762153", "0", "1"], ["65606.1", "0.17235862", "0", "2"], ["65606", "0.04570151", "0", "2"], ["65598.1", "0", "0", "0"], ["65591.4", "0.09130003", "0", "1"], ["65584.3", "0.091301", "0", "1"], ["65584.2", "0", "0", "0"], ["65579.9", "0", "0", "0"], ["65576", "0.10000594", "0", "1"], ["65574.6", "0.11029327", "0", "1"], ["65574.1", "0.36427", "0", "1"], ["65571", "0.1475368", "0", "1"], ["65565.3", "0.09128475", "0", "1"], ["65565", "0.00172526", "0", "1"], ["65564.8", "0.09129447", "0", "1"], ["65562.6", "0", "0", "0"], ["65561.3", "0", "0", "0"], ["65560.2", "0.99034915", "0", "1"], ["65559.1", "0", "0", "0"], ["65558.6", "0.09130003", "0", "1"], ["65558.3", "0.1", "0", "5"], ["65557.9", "0", "0", "0"], ["65554.6", "0.0235772", "0", "1"], ["65544.8", "0.11000653", "0", "1"], ["65543.9", "0.04651836", "0", "1"], ["65538.6", "0.09129447", "0", "1"], ["65532.5", "0", "0", "0"], ["65531.7", "0", "0", "0"], ["65526.8", "0", "0", "0"], ["65525.8", "0.09130003", "0", "1"], ["65499.7", "0", "0", "0"], ["65493", "0.09130003", "0", "1"], ["65466.9", "0", "0", "0"], ["65460.2", "0.09130003", "0", "1"], ["65409.9", "0", "0", "0"], ["65408.8", "0.00020791", "0", "1"], ["65408.3", "0.00001029", "0", "1"], ["65408.1", "0.0000294", "0", "1"], ["65406.6", "0.00019709", "0", "3"], ["65406.5", "0.00034292", "0", "1"], ["65406.3", "0.00012333", "0", "2"], ["65403.9", "0.00001993", "0", "1"], ["65402.9", "0.00024063", "0", "1"], ["65401.4", "0.00001003", "0", "1"], ["65400.9", "0.00006171", "0", "1"], ["65400", "0.05281346", "0", "52"], ["65399.9", "0.01191002", "0", "2"], ["65398.7", "0.00002318", "0", "1"], ["65398.4", "0.00001439", "0", "1"], ["65397", "0.00001387", "0", "1"], ["65396.6", "0.00003306", "0", "1"], ["65396", "0.09548505", "0", "1"], ["65395.5", "0.00013459", "0", "1"]], "ts": "1712095265302", "checksum": -285398502, "seqId": 23158032746, "prevSeqId": 23158032350}], "_doc": "b154f497-e430-4614-ab2d-fdd6f61255f9"}, {"arg": {"channel": "books", "instId": "BTC-USDT"}, "action": "update", "data": [{"asks": [["65652", "0", "0", "0"], ["65655.3", "0", "0", "0"], ["65655.4", "0", "0", "0"], ["65658.8", "0.06824692", "0", "2"], ["65660.6", "0.06692875", "0", "1"], ["65661.2", "0", "0", "0"], ["65661.6", "0", "0", "0"], ["65665.7", "0.04533087", "0", "2"], ["65666.7", "0.01827688", "0", "1"], ["65667", "0", "0", "0"], ["65670.7", "0.03833473", "0", "1"], ["65672.4", "0.03914815", "0", "1"], ["65679.1", "1.10780435", "0", "1"], ["65679.8", "0", "0", "0"], ["65679.9", "0.02484352", "0", "2"], ["65682", "0.03943406", "0", "1"], ["65682.1", "0.04344964", "0", "1"], ["65683.2", "0", "0", "0"], ["65686.9", "0.21171992", "0", "2"], ["65689.6", "0", "0", "0"], ["65704.7", "0", "0", "0"], ["65708.1", "0.01584131", "0", "1"], ["65713.6", "0.01932253", "0", "1"], ["65714.2", "0.04565224", "0", "1"], ["65716.9", "0.13346285", "0", "1"], ["65717.2", "0.00795086", "0", "1"], ["65717.4", "0", "0", "0"], ["65719.8", "0", "0", "0"], ["65721.2", "0.10800009", "0", "1"], ["65731", "0", "0", "0"], ["65739.8", "0.744", "0", "1"], ["65740.5", "0.04565224", "0", "1"], ["65741", "0.00044408", "0", "1"], ["65757.3", "0", "0", "0"], ["65766.8", "0.04565224", "0", "1"], ["65777", "0.00003", "0", "3"], ["65780.4", "0.00042159", "0", "3"], ["65789.2", "0.00004564", "0", "2"], ["65792.5", "0.0000457", "0", "1"], ["65832.5", "0", "0", "0"]], "bids": [["65655.9", "0.45931454", "0", "5"], ["65655.4", "0.0305", "0", "1"], ["65655.2", "0.05", "0", "1"], ["65653.8", "0.0305", "0", "1"], ["65652", "0.24166454", "0", "4"], ["65651.9", "0.09", "0", "2"], ["65650", "0.04", "0", "1"], ["65649.5", "0.0441551", "0", "1"], ["65648.3", "0.00533081", "0", "1"], ["65647.9", "0", "0", "0"], ["65647.7", "0", "0", "0"], ["65647.6", "0", "0", "0"], ["65647.2", "0.18816", "0", "1"], ["65644", "0.0691", "0", "1"], ["65643.9", "0", "0", "0"], ["65643.8", "0.27016978", "0", "2"], ["65643.2", "0.15227248", "0", "1"], ["65642.4", "0.0386683", "0", "1"], ["65640.3", "0.26342", "0", "1"], ["65639.8", "0", "0", "0"], ["65638.7", "0", "0", "0"], ["65637.8", "0", "0", "0"], ["65636.3", "0", "0", "0"], ["65626.2", "0.05719663", "0", "1"], ["65622.6", "0", "0", "0"], ["65616.9", "1.33762153", "0", "1"], ["65599", "0", "0", "0"], ["65595.8", "0.04565224", "0", "1"], ["65593.4", "0.02972862", "0", "1"], ["65586.3", "0", "0", "0"], ["65569.5", "0.04565224", "0", "1"], ["65560", "0.00059772", "0", "1"], ["65543.3", "0.04565224", "0", "1"], ["65533.8", "0", "0", "0"], ["65516.4", "0", "0", "0"], ["65408.8", "0", "0", "0"], ["65408.3", "0", "0", "0"], ["65408.1", "0", "0", "0"], ["65406.6", "0", "0", "0"]], "ts": "1712095265202", "checksum": 869398630, "seqId": 23158032350, "prevSeqId": 23158032113}], "_doc": "bd0376a9-c183-4f1b-a144-43c8c4c74f24"}, {"arg": {"channel": "books", "instId": "BTC-USDT"}, "action": "update", "data": [{"asks": [["65655.3", "0.05976004", "0", "1"], ["65655.9", "0", "0", "0"], ["65656.4", "0", "0", "0"], ["65656.7", "0", "0", "0"], ["65660.7", "0", "0", "0"], ["65660.8", "0.1522319", "0", "1"], ["65663.8", "0", "0", "0"], ["65664.7", "0.10808903", "0", "2"], ["65665.2", "0.1894508", "0", "1"], ["65667", "0.03722389", "0", "1"], ["65667.1", "0", "0", "0"], ["65668", "0", "0", "0"], ["65672.4", "0", "0", "0"], ["65674.2", "0", "0", "0"], ["65685.4", "0", "0", "0"], ["65685.5", "0", "0", "0"], ["65702.5", "0", "0", "0"], ["65706.9", "0.00056431", "0", "1"], ["65707.8", "0", "0", "0"], ["65721.3", "0.02296732", "0", "1"], ["65767.8", "0.01447024", "0", "1"], ["65771.2", "0", "0", "0"], ["65780.7", "0.04564258", "0", "1"], ["65831.4", "0.00035946", "0", "3"], ["65831.6", "0.00035219", "0", "4"], ["65831.7", "0.0011", "0", "1"], ["65831.9", "0.00025364", "0", "2"], ["65832.4", "0.00004969", "0", "1"], ["65832.5", "0.00002343", "0", "1"]], "bids": [["65651.9", "0.23269454", "0", "6"], ["65644.5", "0", "0", "0"], ["65640.9", "0.17039271", "0", "2"], ["65638.8", "0", "0", "0"], ["65638.7", "0.0421333", "0", "2"], ["65636.2", "0", "0", "0"], ["65629.4", "0.2546", "0", "1"], ["65615.5", "0", "0", "0"], ["65613.6", "0", "0", "0"], ["65599", "0.02972607", "0", "1"], ["65583.5", "0.04564258", "0", "1"], ["65578.1", "0.00062163", "0", "1"], ["65574.4", "0", "0", "0"], ["65574", "0", "0", "0"], ["65557.2", "0.04564258", "0", "1"], ["65547.7", "0", "0", "0"], ["65531", "0.04564258", "0", "1"], ["65521.5", "0", "0", "0"], ["65413.9", "0.00062163", "0", "1"], ["65409.8", "0", "0", "0"], ["65408.3", "0.00001029", "0", "1"], ["65408.1", "0.0000294", "0", "1"], ["65406.6", "0.00019709", "0", "3"]], "ts": "1712095265102", "checksum": 1789223277, "seqId": 23158032113, "prevSeqId": 23158032054}], "_doc": "56a9a536-4030-4052-946d-11292eeace04"}, {"arg": {"channel": "books", "instId": "BTC-USDT"}, "action": "update", "data": [{"asks": [["65651.9", "0", "0", "0"], ["65653.8", "0", "0", "0"], ["65655.9", "0.14538681", "0", "2"], ["65660.5", "0", "0", "0"], ["65660.6", "0.13397033", "0", "2"], ["65660.8", "0", "0", "0"], ["65661.2", "0.23722738", "0", "1"], ["65662.2", "0", "0", "0"], ["65662.3", "0", "0", "0"], ["65663.8", "0.18945599", "0", "1"], ["65663.9", "0", "0", "0"], ["65664.6", "0", "0", "0"], ["65664.7", "0.04465202", "0", "1"], ["65664.8", "0", "0", "0"], ["65665.5", "0.01522871", "0", "1"], ["65665.7", "0.04", "0", "1"], ["65666.5", "0", "0", "0"], ["65667.1", "0.03525433", "0", "1"], ["65668.4", "0.05084409", "0", "1"], ["65669.4", "0.09119503", "0", "1"], ["65671.7", "0", "0", "0"], ["65672.4", "0.04344964", "0", "1"], ["65677.4", "0.03436318", "0", "1"], ["65678.3", "0", "0", "0"], ["65678.4", "0", "0", "0"], ["65679.2", "0.08", "0", "1"], ["65679.7", "1.84634045", "0", "1"], ["65682.6", "0", "0", "0"], ["65683.2", "0.05358354", "0", "1"], ["65684.6", "0", "0", "0"], ["65684.7", "0", "0", "0"], ["65685.4", "0.02", "0", "1"], ["65685.5", "0.02", "0", "1"], ["65689.6", "0.04396327", "0", "3"], ["65703.4", "0.1115478", "0", "1"], ["65707", "0", "0", "0"], ["65707.1", "0.09131434", "0", "1"], ["65710.1", "1.08639", "0", "1"], ["65712.1", "0", "0", "0"], ["65713.5", "0", "0", "0"], ["65720", "0.04000033", "0", "1"], ["65725.6", "0.03046279", "0", "1"], ["65726.3", "0.08815427", "0", "1"], ["65731.5", "0.37418", "0", "1"], ["65737.7", "0", "0", "0"], ["65737.9", "0.01216745", "0", "1"], ["65747", "0.08", "0", "4"], ["65749", "0", "0", "0"], ["65755.8", "0.02085339", "0", "2"], ["65768.6", "0", "0", "0"], ["65768.7", "0", "0", "0"], ["65777.4", "0.09121675", "0", "1"], ["65788.5", "0.00354671", "0", "1"], ["65795.1", "0.00002698", "0", "1"], ["65803.8", "0.09121675", "0", "1"], ["65821.3", "0.02132462", "0", "2"], ["65821.4", "0.00354494", "0", "1"], ["65830.1", "0.09149734", "0", "4"], ["65831.4", "0", "0", "0"]], "bids": [["65651.9", "0.60900454", "0", "7"], ["65651.8", "0.05", "0", "1"], ["65651.1", "0.05710369", "0", "1"], ["65647.2", "0", "0", "0"], ["65646.7", "0.04437978", "0", "1"], ["65645.9", "0", "0", "0"], ["65645.7", "0.00533114", "0", "1"], ["65644.6", "0", "0", "0"], ["65644.3", "0.0152336", "0", "1"], ["65643.2", "0.34043248", "0", "2"], ["65643.1", "0", "0", "0"], ["65643", "0.00304678", "0", "1"], ["65642.3", "0", "0", "0"], ["65642.1", "0", "0", "0"], ["65639.8", "0.22579", "0", "1"], ["65639.7", "0", "0", "0"], ["65639.2", "0", "0", "0"], ["65638.8", "0.03710033", "0", "1"], ["65638.2", "0", "0", "0"], ["65638", "0.01451244", "0", "1"], ["65636.6", "0.08", "0", "1"], ["65636.3", "0.26342", "0", "1"], ["65636.2", "0.0305", "0", "1"], ["65632.9", "0", "0", "0"], ["65629.3", "0.0049", "0", "1"], ["65628.1", "0.18945587", "0", "1"], ["65626.6", "0", "0", "0"], ["65622.6", "0.05449823", "0", "1"], ["65622", "0", "0", "0"], ["65615.2", "0.04688765", "0", "1"], ["65613.6", "1.33762153", "0", "1"], ["65613.5", "0.01362715", "0", "1"], ["65613.2", "0", "0", "0"], ["65611", "0", "0", "0"], ["65598.3", "0.03320472", "0", "1"], ["65598.1", "0.09130128", "0", "1"], ["65597.3", "0", "0", "0"], ["65591.3", "0", "0", "0"], ["65589.9", "0", "0", "0"], ["65588.7", "0.11131434", "0", "2"], ["65588.5", "0.02", "0", "1"], ["65574.4", "0.00062164", "0", "1"], ["65574.1", "0.36619672", "0", "2"], ["65570.1", "0", "0", "0"], ["65565.3", "0.18258603", "0", "2"], ["65562.6", "0.00172531", "0", "1"], ["65558.6", "0", "0", "0"], ["65558.5", "0", "0", "0"], ["65555.6", "0", "0", "0"], ["65554.6", "0.02442417", "0", "2"], ["65550.6", "0", "0", "0"], ["65532.5", "0.09130128", "0", "1"], ["65527.7", "0.09121675", "0", "1"], ["65525.7", "0", "0", "0"], ["65519", "0", "0", "0"], ["65501.4", "0.09121675", "0", "1"], ["65499.7", "0.09130128", "0", "1"], ["65492.9", "0", "0", "0"], ["65492.7", "0", "0", "0"], ["65475.2", "0.09126736", "0", "3"], ["65466.9", "0.09130128", "0", "1"], ["65466.5", "0", "0", "0"], ["65460.1", "0", "0", "0"], ["65409.9", "0.00192672", "0", "1"], ["65408.3", "0", "0", "0"]], "ts": "1712095265002", "checksum": 1161970451, "seqId": 23158032054, "prevSeqId": 23158031764}], "_doc": "28fb6bdd-7498-4aeb-a4b5-54610ba7badb"}, {"arg": {"channel": "books", "instId": "BTC-USDT"}, "action": "update", "data": [{"asks": [["65648", "0", "0", "0"], ["65651.9", "0.04146009", "0", "1"], ["65652.8", "0", "0", "0"], ["65655.3", "0", "0", "0"], ["65655.9", "0.09134486", "0", "1"], ["65656.7", "0.15224143", "0", "1"], ["65657.6", "0", "0", "0"], ["65658.4", "0", "0", "0"], ["65658.5", "0", "0", "0"], ["65658.8", "0.04146001", "0", "1"], ["65659.8", "0", "0", "0"], ["65660.1", "0", "0", "0"], ["65660.5", "0.11367687", "0", "1"], ["65661.6", "0.00533115", "0", "1"], ["65662.2", "0.18946066", "0", "1"], ["65663.1", "0", "0", "0"], ["65663.9", "0.0620448", "0", "1"], ["65664.1", "0", "0", "0"], ["65664.3", "0", "0", "0"], ["65664.6", "0.01522892", "0", "1"], ["65666.5", "0.03998851", "0", "1"], ["65667.8", "0", "0", "0"], ["65669.5", "0.15199157", "0", "1"], ["65671", "0", "0", "0"], ["65671.7", "0.04344964", "0", "1"], ["65672.5", "0.02381933", "0", "1"], ["65673.8", "0.00048", "0", "1"], ["65674", "0", "0", "0"], ["65677.1", "0.15219423", "0", "1"], ["65678.3", "0.02", "0", "1"], ["65679.3", "0", "0", "0"], ["65681", "0", "0", "0"], ["65682.6", "0.055756", "0", "1"], ["65684.5", "0", "0", "0"], ["65684.7", "0.02", "0", "1"], ["65686.7", "0.02284779", "0", "1"], ["65690.7", "0.00130823", "0", "1"], ["65703.4", "1.95788825", "0", "2"], ["65706.2", "0", "0", "0"], ["65707.4", "0", "0", "0"], ["65707.9", "0", "0", "0"], ["65709.4", "0", "0", "0"], ["65709.6", "0", "0", "0"], ["65709.7", "0", "0", "0"], ["65710.1", "1.10571263", "0", "2"], ["65714.5", "0", "0", "0"], ["65715.5", "0.03046398", "0", "1"], ["65718.7", "0.02357492", "0", "1"], ["65720.7", "0.09129544", "0", "1"], ["65733.3", "0.18508005", "0", "2"], ["65742.6", "0.00003873", "0", "1"], ["65743.1", "0.02", "0", "1"], ["65744.8", "0.20573575", "0", "7"], ["65747", "0.04", "0", "2"], ["65753.6", "0.09129544", "0", "1"], ["65761.7", "0", "0", "0"], ["65762", "0", "0", "0"], ["65775.5", "0", "0", "0"], ["65786.5", "0.09129544", "0", "1"], ["65794.9", "0", "0", "0"], ["65801.2", "0", "0", "0"], ["65808.3", "0", "0", "0"], ["65819.3", "0.09129544", "0", "1"], ["65827.8", "0", "0", "0"], ["65828.5", "0.00001252", "0", "1"], ["65830.1", "0.00028059", "0", "3"], ["65830.2", "0.00125874", "0", "2"], ["65830.3", "0.00011377", "0", "1"], ["65831.1", "0.0016", "0", "1"], ["65831.3", "0.00163503", "0", "2"], ["65831.4", "0.00035946", "0", "3"]], "bids": [["65651.8", "0.58791", "0", "6"], ["65650.6", "0.0305", "0", "1"], ["65648", "0.1091", "0", "2"], ["65647.9", "0.05", "0", "1"], ["65645.9", "0.00533115", "0", "1"], ["65644", "0.08090678", "0", "2"], ["65643.8", "0.04437978", "0", "1"], ["65643.1", "0.18816", "0", "1"], ["65642.3", "0.01523406", "0", "1"], ["65642.1", "0.00304683", "0", "1"], ["65641.9", "0.00533115", "0", "1"], ["65640.9", "0.15199157", "0", "1"], ["65640", "0.0691", "0", "1"], ["65639.7", "0.22579", "0", "1"], ["65639.1", "0", "0", "0"], ["65638.3", "0", "0", "0"], ["65638.2", "0.03606607", "0", "1"], ["65638", "0", "0", "0"], ["65637.6", "0", "0", "0"], ["65636.2", "0.29392", "0", "2"], ["65635.7", "0", "0", "0"], ["65635.6", "0", "0", "0"], ["65635.3", "0", "0", "0"], ["65634.8", "0", "0", "0"], ["65632.9", "0.08", "0", "1"], ["65632.2", "0", "0", "0"], ["65628.8", "0", "0", "0"], ["65626.6", "0.18946055", "0", "1"], ["65624.2", "0", "0", "0"], ["65623.4", "0", "0", "0"], ["65622", "0.05275732", "0", "1"], ["65621.3", "0.15232331", "0", "1"], ["65618.7", "0", "0", "0"], ["65613.8", "0", "0", "0"], ["65613.2", "1.33762153", "0", "1"], ["65612.8", "0", "0", "0"], ["65608", "0", "0", "0"], ["65606", "0.02285347", "0", "1"], ["65600.1", "1.8292645", "0", "1"], ["65598.4", "0", "0", "0"], ["65598.1", "0", "0", "0"], ["65597.3", "0.06092935", "0", "1"], ["65594.2", "0.03046398", "0", "1"], ["65591.9", "0", "0", "0"], ["65588.2", "0.02435922", "0", "2"], ["65585.4", "0", "0", "0"], ["65583", "0", "0", "0"], ["65574.1", "0.36489165", "0", "2"], ["65573.3", "0", "0", "0"], ["65563.1", "0.21", "0", "1"], ["65562.5", "0", "0", "0"], ["65559.5", "0", "0", "0"], ["65559.3", "0.02", "0", "1"], ["65553.8", "3.0509292", "0", "1"], ["65539.3", "0", "0", "0"], ["65530.5", "0.06863942", "0", "1"], ["65504.6", "0", "0", "0"], ["65503.3", "0", "0", "0"], ["65408.8", "0.00020791", "0", "1"], ["65408.3", "0.00001029", "0", "1"]], "ts": "1712095264902", "checksum": -212983099, "seqId": 23158031764, "prevSeqId": 23158031398}], "_doc": "50dc964d-7d6d-4b03-930f-3e8921d8c8e3"}, {"arg": {"channel": "books", "instId": "BTC-USDT"}, "action": "update", "data": [{"asks": [["65647.9", "0", "0", "0"], ["65650.6", "0", "0", "0"], ["65651.9", "0.15111023", "0", "1"], ["65652.1", "0", "0", "0"], ["65652.2", "0", "0", "0"], ["65655", "0", "0", "0"], ["65655.3", "0.04146", "0", "1"], ["65656.3", "0", "0", "0"], ["65656.9", "0", "0", "0"], ["65658.4", "0.11368018", "0", "1"], ["65658.5", "0.18946691", "0", "1"], ["65658.6", "0", "0", "0"], ["65662.4", "0", "0", "0"], ["65663.1", "0.03677167", "0", "1"], ["65663.9", "0.09119498", "0", "1"], ["65664", "0.10340793", "0", "15"], ["65665.3", "0.07442", "0", "1"], ["65670.4", "0", "0", "0"], ["65670.5", "0", "0", "0"], ["65670.9", "0", "0", "0"], ["65674", "1.84634045", "0", "1"], ["65678.6", "0", "0", "0"], ["65679.2", "0.0158418", "0", "1"], ["65679.3", "0.05376899", "0", "1"], ["65686.9", "0.15217131", "0", "1"], ["65706", "0.00149802", "0", "1"], ["65714.4", "0.63778397", "0", "3"], ["65725.9", "0.97933275", "0", "1"], ["65737.7", "0.04283671", "0", "1"], ["65739.9", "0.06", "0", "3"], ["65828.5", "0", "0", "0"]], "bids": [["65647.9", "0.58791", "0", "6"], ["65647.8", "0", "0", "0"], ["65645.5", "0.00152333", "0", "1"], ["65644.6", "0.04", "0", "1"], ["65643.2", "0", "0", "0"], ["65641.5", "0.04437978", "0", "1"], ["65640", "0.08090678", "0", "2"], ["65639.2", "0.15228176", "0", "1"], ["65637.6", "0.00304703", "0", "1"], ["65635.3", "0.15199157", "0", "1"], ["65634.8", "0.03597241", "0", "1"], ["65634.3", "0", "0", "0"], ["65634.1", "0", "0", "0"], ["65624.2", "0.18946691", "0", "1"], ["65622.9", "0.15231951", "0", "1"], ["65620.1", "0", "0", "0"], ["65618.7", "0.054998", "0", "1"], ["65618", "0", "0", "0"], ["65608", "1.33762153", "0", "1"], ["65607.8", "0", "0", "0"], ["65600.6", "0.07611751", "0", "1"], ["65600.5", "0", "0", "0"], ["65598.1", "0.06093116", "0", "1"], ["65594.1", "0.07611751", "0", "1"], ["65581.2", "0", "0", "0"], ["65569.4", "0.00549595", "0", "1"], ["65562.8", "0", "0", "0"], ["65562.5", "0.10955546", "0", "1"], ["65408.8", "0", "0", "0"], ["65408.3", "0", "0", "0"], ["65408.1", "0", "0", "0"], ["65406.6", "0", "0", "0"]], "ts": "1712095264802", "checksum": -1254952290, "seqId": 23158031398, "prevSeqId": 23158031249}], "_doc": "22455451-47c3-44e6-90c9-c040748c0865"}, {"arg": {"channel": "books", "instId": "BTC-USDT"}, "action": "update", "data": [{"asks": [["65647.9", "0.10627752", "0", "3"], ["65649", "0", "0", "0"], ["65655.2", "0", "0", "0"], ["65655.9", "0", "0", "0"], ["65656.3", "0.18947371", "0", "1"], ["65657.1", "0", "0", "0"], ["65671.6", "0", "0", "0"], ["65672.5", "0.06726897", "0", "2"], ["65673.8", "0.08", "0", "1"], ["65684.5", "0.02", "0", "1"], ["65684.7", "0", "0", "0"], ["65699.5", "0", "0", "0"], ["65701.3", "0.82376312", "0", "3"], ["65725.8", "0", "0", "0"], ["65727.6", "0.0913224", "0", "1"], ["65745.7", "0", "0", "0"], ["65752.1", "0", "0", "0"], ["65753.9", "0.0913224", "0", "1"], ["65761.7", "0.01447115", "0", "1"], ["65783.5", "0", "0", "0"], ["65826.3", "0.00051907", "0", "3"], ["65827", "0.00036383", "0", "2"], ["65827.1", "0.00135809", "0", "8"], ["65827.8", "0.00354459", "0", "1"], ["65828.5", "0.00001252", "0", "1"]], "bids": [["65647.8", "0.47898", "0", "2"], ["65643.2", "0.00533147", "0", "1"], ["65631.7", "0", "0", "0"], ["65568.8", "0.03046558", "0", "1"], ["65567.2", "0.0913224", "0", "1"], ["65565.4", "0.0001526", "0", "1"], ["65559.5", "0.02", "0", "1"], ["65559.4", "0.02", "0", "1"], ["65559.3", "0", "0", "0"], ["65559.2", "0", "0", "0"], ["65555.1", "0", "0", "0"], ["65541", "0.0913224", "0", "1"], ["65539.2", "1", "0", "1"], ["65406.5", "0", "0", "0"], ["65406.3", "0", "0", "0"]], "ts": "1712095264702", "checksum": 1889449701, "seqId": 23158031249, "prevSeqId": 23158031203}], "_doc": "6f92fbb9-39b9-4f07-ba0c-4f2155f18099"}, {"arg": {"channel": "books", "instId": "BTC-USDT"}, "action": "update", "data": [{"asks": [["65684.4", "0", "0", "0"], ["65684.5", "0", "0", "0"], ["65684.6", "0.02", "0", "1"], ["65684.7", "0.02", "0", "1"], ["65714.4", "0.67910022", "0", "4"], ["65722.3", "0.09129322", "0", "1"], ["65740.7", "0.09130419", "0", "1"], ["65745.7", "1.03337536", "0", "1"], ["65767", "0.09130419", "0", "1"], ["65826.3", "0", "0", "0"], ["65827", "0", "0", "0"], ["65827.1", "0", "0", "0"]], "bids": [["65647.4", "0.0305", "0", "1"], ["65584.2", "0.09130419", "0", "1"], ["65557.9", "0.09130419", "0", "1"], ["65531.7", "0.09130419", "0", "1"], ["65403.9", "0", "0", "0"], ["65403", "0", "0", "0"], ["65402.9", "0", "0", "0"], ["65401.4", "0", "0", "0"]], "ts": "1712095264602", "checksum": -55839094, "seqId": 23158031203, "prevSeqId": 23158031181}], "_doc": "84cb0e49-5f80-4b88-9617-6811eea5241f"}, {"arg": {"channel": "books", "instId": "BTC-USDT"}, "action": "update", "data": [{"asks": [["65654.9", "0", "0", "0"], ["65712.6", "0", "0", "0"], ["65724.2", "0", "0", "0"], ["65728.5", "0.21242009", "0", "3"], ["65738.9", "0", "0", "0"], ["65761.7", "0", "0", "0"], ["65765.2", "0", "0", "0"], ["65824.9", "0.00007402", "0", "1"], ["65825", "0.00006007", "0", "2"], ["65826", "0.00103616", "0", "1"], ["65826.3", "0.00051907", "0", "3"], ["65827", "0.00036383", "0", "2"], ["65827.1", "0.00135809", "0", "8"]], "bids": [["65593.5", "0.09132226", "0", "1"], ["65582.4", "0", "0", "0"], ["65579.9", "0.97873353", "0", "1"], ["65556.1", "0", "0", "0"], ["65529.9", "0", "0", "0"], ["65402.9", "0.00024063", "0", "1"], ["65401.4", "0.00001003", "0", "1"]], "ts": "1712095264502", "checksum": -1337468217, "seqId": 23158031181, "prevSeqId": 23158031159}], "_doc": "048a8149-361f-42a8-8804-6cab40791d81"}, {"arg": {"channel": "books", "instId": "BTC-USDT"}, "action": "update", "data": [{"asks": [["65654.9", "0.04", "0", "1"], ["65655.1", "0", "0", "0"], ["65684.4", "0.02", "0", "1"], ["65684.5", "0.02", "0", "1"], ["65684.7", "0", "0", "0"], ["65684.8", "0", "0", "0"]], "bids": [["65559.4", "0", "0", "0"], ["65559.2", "0.02", "0", "1"], ["65403", "0.00192692", "0", "1"], ["65402.9", "0", "0", "0"]], "ts": "1712095264402", "checksum": 1540162078, "seqId": 23158031159, "prevSeqId": 23158031144}], "_doc": "8dabbe70-8545-4efa-9224-0547a40dbd8a"}, {"arg": {"channel": "books", "instId": "BTC-USDT"}, "action": "update", "data": [{"asks": [["65740", "1.24", "0", "1"], ["65761.7", "0.01447115", "0", "1"], ["65824.9", "0", "0", "0"], ["65825", "0", "0", "0"]], "bids": [["65403", "0", "0", "0"], ["65402.9", "0.00024063", "0", "1"]], "ts": "1712095264302", "checksum": -1892182614, "seqId": 23158031144, "prevSeqId": 23158031134}], "_doc": "2fbe61e5-a48a-42fe-8604-4c90be778649"}, {"arg": {"channel": "books", "instId": "BTC-USDT"}, "action": "update", "data": [{"asks": [["65655", "0.11688427", "0", "1"], ["65655.3", "0", "0", "0"], ["65655.9", "0.18947544", "0", "1"], ["65656.9", "0.04476004", "0", "1"], ["65658.3", "0", "0", "0"], ["65658.4", "0", "0", "0"], ["65670.4", "1.12221594", "0", "1"], ["65674.2", "0.03943406", "0", "1"], ["65707", "0.10083271", "0", "2"], ["65743", "0", "0", "0"], ["65744.8", "0.10573575", "0", "2"], ["65769.3", "0", "0", "0"], ["65771.1", "0.09126198", "0", "1"], ["65795.6", "0", "0", "0"], ["65797.4", "0.75117806", "0", "2"], ["65825", "0.00006007", "0", "2"]], "bids": [["65587.3", "0.47888515", "0", "1"], ["65585.5", "0", "0", "0"], ["65560.8", "0.09126198", "0", "1"], ["65559", "0", "0", "0"], ["65534.5", "0.09126198", "0", "1"], ["65532.7", "0", "0", "0"], ["65516.4", "0.06796882", "0", "1"], ["65508.3", "0.09126198", "0", "1"], ["65506.5", "0.00011428", "0", "1"], ["65402.9", "0", "0", "0"], ["65401.4", "0", "0", "0"]], "ts": "1712095264202", "checksum": -1892182614, "seqId": 23158031134, "prevSeqId": 23158031092}], "_doc": "000ef934-ad23-41d3-9007-a3505b6bb067"}, {"arg": {"channel": "books", "instId": "BTC-USDT"}, "action": "update", "data": [{"asks": [["65655.9", "0.18947419", "0", "1"], ["65656.3", "0", "0", "0"]], "bids": [["65647.4", "0", "0", "0"], ["65636.4", "0", "0", "0"], ["65611", "0.04638514", "0", "1"], ["65607.5", "0", "0", "0"], ["65570.1", "0.00192688", "0", "1"], ["65569.5", "0", "0", "0"], ["65558.6", "0.00172546", "0", "1"], ["65558.4", "0", "0", "0"], ["65514.3", "0", "0", "0"], ["65403", "0.00192688", "0", "1"], ["65402.9", "0.00024063", "0", "1"], ["65401.4", "0.00001003", "0", "1"]], "ts": "1712095264102", "checksum": 111695901, "seqId": 23158031092, "prevSeqId": 23158031062}], "_doc": "2895e1b4-7957-4e56-acc7-0b85a5c9a2d7"}, {"arg": {"channel": "books", "instId": "BTC-USDT"}, "action": "update", "data": [{"asks": [["65647.9", "0.18247467", "0", "5"], ["65649", "0.0305", "0", "1"], ["65655.1", "0.04", "0", "1"], ["65662.4", "0.03775609", "0", "1"], ["65662.5", "0", "0", "0"], ["65670.9", "1.8703598", "0", "1"], ["65672.4", "0", "0", "0"], ["65702.5", "0.00056433", "0", "1"], ["65825", "0", "0", "0"], ["65826", "0", "0", "0"], ["65826.3", "0", "0", "0"]], "bids": [["65644.5", "0.04275159", "0", "1"], ["65640.1", "0", "0", "0"], ["65634.6", "0", "0", "0"], ["65634.2", "0.01835836", "0", "1"], ["65634.1", "0.03701507", "0", "1"], ["65609.3", "0", "0", "0"], ["65607.8", "1.3590302", "0", "1"], ["65574.1", "0.00062165", "0", "1"], ["65409.8", "0.00062165", "0", "1"], ["65402.9", "0", "0", "0"], ["65401.4", "0", "0", "0"]], "ts": "1712095264002", "checksum": 805282199, "seqId": 23158031062, "prevSeqId": 23158031037}], "_doc": "f3a51e5e-9c75-45c5-9dc9-cd34358fce84"}, {"arg": {"channel": "books", "instId": "BTC-USDT"}, "action": "update", "data": [{"asks": [["65647.9", "0.09146", "0", "2"], ["65656.9", "0", "0", "0"], ["65658.3", "0.14233644", "0", "1"], ["65658.4", "0.23722738", "0", "1"], ["65684.7", "0.02", "0", "1"], ["65684.8", "0.02", "0", "1"], ["65685.2", "0", "0", "0"], ["65685.3", "0", "0", "0"], ["65827", "0", "0", "0"]], "bids": [["65645.5", "0.0450581", "0", "2"], ["65633", "0", "0", "0"], ["65570.4", "0.03048795", "0", "1"], ["65559.4", "0.02", "0", "1"], ["65559.3", "0.02", "0", "1"], ["65559.2", "0", "0", "0"], ["65559.1", "0.12000572", "0", "1"], ["65400.9", "0", "0", "0"]], "ts": "1712095263902", "checksum": -347498987, "seqId": 23158031037, "prevSeqId": 23158030996}], "_doc": "837ee510-375c-4fb7-af70-9c3b878795af"}, {"arg": {"channel": "books", "instId": "BTC-USDT"}, "action": "update", "data": [{"asks": [["65647.8", "0", "0", "0"], ["65662.5", "0.03867456", "0", "1"], ["65669.1", "0.00963054", "0", "1"], ["65672.4", "1.83984909", "0", "1"], ["65673.4", "0", "0", "0"], ["65678.6", "0.0536967", "0", "1"], ["65701.9", "0", "0", "0"], ["65703.3", "0.29345207", "0", "2"], ["65827.1", "0", "0", "0"]], "bids": [["65647.8", "0.37751", "0", "1"], ["65647.7", "0.05", "0", "1"], ["65647.6", "0.05", "0", "1"], ["65647.2", "0.05", "0", "1"], ["65645.9", "0.05", "0", "1"], ["65641.8", "0", "0", "0"], ["65641.1", "0", "0", "0"], ["65640.1", "0.01180678", "0", "1"], ["65639.9", "0", "0", "0"], ["65639.1", "0.18876", "0", "1"], ["65636.8", "0", "0", "0"], ["65635.7", "0.22651", "0", "1"], ["65634.2", "0.05318515", "0", "2"], ["65633.4", "0", "0", "0"], ["65632.2", "0.26426", "0", "1"], ["65629.9", "0", "0", "0"], ["65629.2", "0.01082274", "0", "1"], ["65618", "0.05384334", "0", "1"], ["65607.9", "0", "0", "0"], ["65593.5", "1.0957413", "0", "2"], ["65569.5", "0.00192684", "0", "1"], ["65566.7", "0", "0", "0"], ["65558.4", "0.00172548", "0", "1"], ["65556.2", "0", "0", "0"], ["65550.6", "0.00084715", "0", "1"], ["65547.9", "0", "0", "0"], ["65547.4", "0", "0", "0"], ["65403", "0", "0", "0"], ["65401.4", "0.00001003", "0", "1"], ["65400.9", "0.00006171", "0", "1"]], "ts": "1712095263802", "checksum": 361489052, "seqId": 23158030996, "prevSeqId": 23158030877}], "_doc": "c438fcdc-62b1-47e9-9196-7cd0b6ded4f0"}, {"arg": {"channel": "books", "instId": "BTC-USDT"}, "action": "update", "data": [{"asks": [["65645.6", "0", "0", "0"], ["65646", "0", "0", "0"], ["65647.3", "0", "0", "0"], ["65647.8", "0.01005317", "0", "1"], ["65647.9", "0.04146", "0", "1"], ["65649", "0", "0", "0"], ["65652.7", "0", "0", "0"], ["65655.3", "0.10850144", "0", "2"], ["65656.3", "0.18947314", "0", "1"], ["65656.8", "0", "0", "0"], ["65656.9", "0.04476008", "0", "1"], ["65660.3", "0", "0", "0"], ["65676.5", "0", "0", "0"], ["65761.7", "0", "0", "0"], ["65824.8", "0.00002698", "0", "1"], ["65824.9", "0.00007402", "0", "1"], ["65825", "0.00006007", "0", "2"], ["65826", "0.00103616", "0", "1"], ["65826.3", "0.00051907", "0", "3"], ["65827", "0.00036383", "0", "2"], ["65827.1", "0.00135809", "0", "8"]], "bids": [["65647.7", "0.02013", "0", "2"], ["65647.6", "0.44860454", "0", "3"], ["65647.4", "0.0305", "0", "1"], ["65647.2", "0.09", "0", "2"], ["65645.9", "0.09", "0", "2"], ["65645.8", "0.0305", "0", "1"], ["65645.5", "0.1465281", "0", "3"], ["65641.1", "0.04", "0", "1"], ["65640.1", "0", "0", "0"], ["65640", "0.0691", "0", "1"], ["65639.9", "0.05", "0", "1"], ["65639.8", "0", "0", "0"], ["65638.7", "0.0053315", "0", "1"], ["65638.1", "0", "0", "0"], ["65635.3", "0.15503871", "0", "2"], ["65632", "0.2291", "0", "2"], ["65615.8", "0.50114978", "0", "2"], ["65613", "0.02284933", "0", "1"], ["65607.4", "0", "0", "0"], ["65590.2", "0.02381945", "0", "1"], ["65571.5", "0", "0", "0"], ["65568.8", "0", "0", "0"], ["65488.8", "0.03871943", "0", "2"], ["65487.2", "0", "0", "0"], ["65406.7", "0", "0", "0"], ["65401.4", "0", "0", "0"], ["65400.9", "0", "0", "0"]], "ts": "1712095263702", "checksum": 1354681198, "seqId": 23158030877, "prevSeqId": 23158030579}], "_doc": "1e43da7c-743e-441c-b3f6-7a14a6786b01"}, {"arg": {"channel": "books", "instId": "BTC-USDT"}, "action": "update", "data": [{"asks": [["65647.4", "0", "0", "0"], ["65720.5", "0", "0", "0"], ["65722.3", "1.112227", "0", "2"], ["65746.8", "0.00013347", "0", "1"], ["65748.6", "0.09129322", "0", "1"], ["65752", "0", "0", "0"], ["65773.1", "0", "0", "0"], ["65774.9", "0.09129322", "0", "1"], ["65823.6", "0.00003295", "0", "1"], ["65824.4", "0.00002196", "0", "1"]], "bids": [["65636.4", "0.86718756", "0", "1"], ["65568.4", "0", "0", "0"], ["65551.4", "0.09129322", "0", "1"], ["65549.6", "0.03551723", "0", "1"], ["65525.2", "0.09129322", "0", "1"], ["65523.4", "0", "0", "0"], ["65400", "0", "0", "0"]], "ts": "1712095263602", "checksum": 1254907148, "seqId": 23158030579, "prevSeqId": 23158030565}], "_doc": "1b33cbfb-3897-4842-819b-214ed5d2cbd8"}, {"arg": {"channel": "books", "instId": "BTC-USDT"}, "action": "update", "data": [{"asks": [["65646", "0.04", "0", "1"], ["65660.3", "0.0398945", "0", "1"], ["65660.6", "0", "0", "0"], ["65676.5", "0.0586105", "0", "1"], ["65676.7", "0", "0", "0"], ["65745.5", "0.4949947", "0", "5"], ["65761.7", "0.01447165", "0", "1"], ["65823.6", "0", "0", "0"], ["65824.4", "0", "0", "0"]], "bids": [["65645.5", "0.52251477", "0", "3"], ["65632.3", "0", "0", "0"], ["65632", "0.26700262", "0", "3"], ["65616.1", "0", "0", "0"], ["65615.8", "0.56043338", "0", "3"], ["65585.5", "0.47888515", "0", "1"], ["65584.6", "0", "0", "0"], ["65572", "1.09076", "0", "1"], ["65571.5", "0.00062168", "0", "1"], ["65483", "0.00904122", "0", "2"], ["65400", "0.05281346", "0", "52"]], "ts": "1712095263502", "checksum": 1224525486, "seqId": 23158030565, "prevSeqId": 23158030544}], "_doc": "df6f2d0d-d2c5-44c9-83eb-13d3af57b56d"}, {"arg": {"channel": "books", "instId": "BTC-USDT"}, "action": "update", "data": [{"asks": [["65656.8", "0.11368319", "0", "1"], ["65656.9", "0.18947192", "0", "1"], ["65658.8", "0", "0", "0"], ["65658.9", "0", "0", "0"], ["65684.6", "0", "0", "0"], ["65684.7", "0", "0", "0"], ["65685.2", "0.02", "0", "1"], ["65685.3", "0.02", "0", "1"], ["65722.2", "0", "0", "0"], ["65724", "0.09129086", "0", "1"], ["65733.3", "0.22508005", "0", "4"], ["65739.5", "0", "0", "0"], ["65748.5", "0.00004116", "0", "1"], ["65750.3", "0.09133355", "0", "2"], ["65759.6", "0.09127794", "0", "1"], ["65774.8", "0", "0", "0"], ["65776.6", "0.09129086", "0", "1"], ["65785.9", "0.09128949", "0", "2"], ["65824.4", "0.00002196", "0", "1"]], "bids": [["65643.9", "0.04", "0", "1"], ["65641.8", "0.04276394", "0", "1"], ["65589.9", "0.02973019", "0", "1"], ["65586", "0", "0", "0"], ["65562.4", "0.18259228", "0", "2"], ["65562.2", "0", "0", "0"], ["65559.3", "0", "0", "0"], ["65559.1", "0.14000572", "0", "2"], ["65545.1", "0.09129086", "0", "1"], ["65543.3", "0", "0", "0"], ["65536.1", "0.09127794", "0", "1"], ["65518.9", "0.09129086", "0", "1"], ["65517.1", "0", "0", "0"]], "ts": "1712095263402", "checksum": 437010110, "seqId": 23158030544, "prevSeqId": 23158030500}], "_doc": "cba16c84-6d73-47f6-aa76-33485b41b2bf"}, {"arg": {"channel": "books", "instId": "BTC-USDT"}, "action": "update", "data": [{"asks": [["65656.8", "0", "0", "0"], ["65657.8", "0", "0", "0"], ["65657.9", "0", "0", "0"], ["65658.6", "0.04", "0", "1"], ["65658.8", "0.11368278", "0", "1"], ["65658.9", "0.18947127", "0", "1"], ["65660.2", "0", "0", "0"], ["65660.6", "0.03750979", "0", "1"], ["65676.4", "0", "0", "0"], ["65676.7", "0.05348261", "0", "1"], ["65684.5", "0", "0", "0"], ["65684.7", "0.02", "0", "1"], ["65698.1", "0", "0", "0"], ["65705.3", "0", "0", "0"], ["65707.1", "0.17946861", "0", "2"], ["65721.5", "0.06", "0", "2"], ["65726.7", "0", "0", "0"], ["65728.4", "0.20565795", "0", "3"], ["65728.5", "0.20481304", "0", "2"], ["65731.5", "0.41418", "0", "3"], ["65731.6", "0", "0", "0"], ["65733.4", "0.09131434", "0", "1"], ["65753", "0", "0", "0"], ["65754.8", "0.09128461", "0", "1"], ["65757.8", "0", "0", "0"], ["65757.9", "0", "0", "0"], ["65759.7", "0.09131434", "0", "1"], ["65768.6", "0.05473732", "0", "1"], ["65779.3", "0.00003361", "0", "2"], ["65781.1", "0.09128461", "0", "1"], ["65784.1", "0", "0", "0"], ["65822.8", "0.00005517", "0", "1"], ["65823.2", "0.00001847", "0", "1"], ["65823.6", "0.00003295", "0", "1"]], "bids": [["65638.3", "0.015235", "0", "1"], ["65638.1", "0.01180678", "0", "1"], ["65638", "0.07176336", "0", "1"], ["65636.8", "0.18876", "0", "1"], ["65636.2", "0.0305", "0", "1"], ["65633.4", "0.22651", "0", "1"], ["65632.3", "0.0351067", "0", "1"], ["65632", "0.2291", "0", "2"], ["65631.9", "0", "0", "0"], ["65631.7", "0.00533244", "0", "1"], ["65629.9", "0.26426", "0", "1"], ["65628.2", "0", "0", "0"], ["65624.7", "0", "0", "0"], ["65623.8", "0", "0", "0"], ["65616.1", "0.05491181", "0", "1"], ["65615.7", "0", "0", "0"], ["65595.4", "0.12", "0", "3"], ["65588.7", "0.09131434", "0", "1"], ["65586.9", "0", "0", "0"], ["65584.6", "0.47888515", "0", "1"], ["65584.2", "0", "0", "0"], ["65571.9", "0", "0", "0"], ["65564.2", "0.09128461", "0", "1"], ["65562.4", "0.09131434", "0", "1"], ["65560.6", "0", "0", "0"], ["65559.4", "0", "0", "0"], ["65559.2", "0.02", "0", "1"], ["65537.9", "0.0914225", "0", "2"], ["65536.2", "0.09131434", "0", "1"], ["65536.1", "0", "0", "0"], ["65534.4", "0", "0", "0"], ["65534.3", "0", "0", "0"], ["65403", "0.00192687", "0", "1"], ["65400.9", "0.00006171", "0", "1"]], "ts": "1712095263302", "checksum": 734984880, "seqId": 23158030500, "prevSeqId": 23158030423}], "_doc": "d3875ef1-e36f-409e-8921-f4553bec8c55"}, {"arg": {"channel": "books", "instId": "BTC-USDT"}, "action": "update", "data": [{"asks": [["65645.6", "0.05", "0", "1"], ["65647.4", "0.0305", "0", "1"], ["65654.1", "0", "0", "0"], ["65654.2", "0", "0", "0"], ["65655.3", "0.04146008", "0", "1"], ["65657.7", "0", "0", "0"], ["65659.8", "0.01523002", "0", "1"], ["65673.4", "1.83984909", "0", "1"], ["65673.5", "0", "0", "0"], ["65684.5", "0.02", "0", "1"], ["65684.6", "0.02", "0", "1"], ["65685.2", "0", "0", "0"], ["65685.3", "0", "0", "0"], ["65698.2", "0", "0", "0"], ["65705.8", "0", "0", "0"], ["65707", "0.05478818", "0", "1"], ["65707.6", "0.09131364", "0", "1"], ["65709.7", "0.09131072", "0", "1"], ["65711.3", "0.14902", "0", "1"], ["65713.1", "0.091306", "0", "1"], ["65721.6", "0.12", "0", "3"], ["65726.6", "0", "0", "0"], ["65728.4", "0.15940186", "0", "2"], ["65732.1", "0", "0", "0"], ["65733.9", "0.09131364", "0", "1"], ["65737.6", "0", "0", "0"], ["65739.4", "0.091306", "0", "1"], ["65742.6", "0.09134945", "0", "2"], ["65752.9", "0", "0", "0"], ["65754.7", "0.09128475", "0", "1"], ["65758.4", "0", "0", "0"], ["65759.6", "0.01447165", "0", "1"], ["65760.2", "0.20286144", "0", "2"], ["65763.9", "0", "0", "0"], ["65765.7", "0.091306", "0", "1"], ["65775.5", "0.09131072", "0", "1"], ["65779.2", "0", "0", "0"], ["65781", "0.09130315", "0", "2"], ["65808.3", "0.09131072", "0", "1"], ["65822.8", "0", "0", "0"], ["65823.2", "0", "0", "0"]], "bids": [["65639.9", "0.09", "0", "2"], ["65638.1", "0", "0", "0"], ["65638", "0.08357014", "0", "2"], ["65636.8", "0", "0", "0"], ["65633.4", "0", "0", "0"], ["65631.7", "0.19409244", "0", "2"], ["65629.9", "0", "0", "0"], ["65628.2", "0.22651", "0", "1"], ["65624.7", "0.26426", "0", "1"], ["65595.4", "0.06", "0", "2"], ["65578.7", "2.43981621", "0", "1"], ["65572", "1.09138201", "0", "2"], ["65565.3", "0.09128475", "0", "1"], ["65563.5", "0", "0", "0"], ["65561.9", "0.091306", "0", "1"], ["65561.6", "0.09167673", "0", "2"], ["65560.1", "0", "0", "0"], ["65559.8", "0", "0", "0"], ["65559.4", "0.02", "0", "1"], ["65559.3", "0.02", "0", "1"], ["65558.3", "0.20000944", "0", "6"], ["65558.2", "0.091311", "0", "1"], ["65539", "0.09128475", "0", "1"], ["65537.2", "0", "0", "0"], ["65535.7", "0.09192798", "0", "2"], ["65535.4", "0.09131364", "0", "1"], ["65533.9", "0", "0", "0"], ["65533.6", "0", "0", "0"], ["65512.8", "0.09137602", "0", "2"], ["65511", "0", "0", "0"], ["65403", "0.00192688", "0", "1"], ["65401.4", "0.00001003", "0", "1"]], "ts": "1712095263202", "checksum": 1757260903, "seqId": 23158030423, "prevSeqId": 23158030333}], "_doc": "b3032505-8d54-4e56-a896-9bb86d7f46d6"}, {"arg": {"channel": "books", "instId": "BTC-USDT"}, "action": "update", "data": [{"asks": [["65663.9", "0", "0", "0"], ["65665.2", "0", "0", "0"], ["65673.6", "0.50137378", "0", "2"], ["65707.9", "0.03046653", "0", "1"], ["65740.8", "0", "0", "0"], ["65773.7", "0", "0", "0"], ["65806.5", "0", "0", "0"], ["65822", "0.00759", "0", "1"], ["65822.2", "0.00001874", "0", "1"], ["65822.4", "0.00005148", "0", "2"], ["65822.8", "0.00005517", "0", "1"], ["65823.2", "0.00001847", "0", "1"]], "bids": [["65641.8", "0.08276394", "0", "2"], ["65639.8", "0.05", "0", "1"], ["65595.5", "0.03", "0", "1"], ["65586", "0.02973195", "0", "1"], ["65572.1", "0", "0", "0"], ["65556.5", "0", "0", "0"], ["65556.2", "0.00172549", "0", "1"], ["65406.7", "0.00062172", "0", "1"], ["65401.4", "0", "0", "0"], ["65400.9", "0", "0", "0"]], "ts": "1712095263102", "checksum": 425600370, "seqId": 23158030333, "prevSeqId": 23158030312}], "_doc": "d6bfb980-a25b-4c3f-bb96-1207340edd29"}, {"arg": {"channel": "books", "instId": "BTC-USDT"}, "action": "update", "data": [{"asks": [["65656.9", "0", "0", "0"], ["65657.8", "0.18947152", "0", "1"], ["65673.5", "1.83984909", "0", "1"], ["65674.7", "0", "0", "0"], ["65698.1", "0.03", "0", "1"], ["65698.3", "0", "0", "0"], ["65707.7", "0", "0", "0"], ["65709.5", "0.091311", "0", "1"], ["65713", "0.09000822", "0", "1"], ["65714.8", "0.09130364", "0", "1"], ["65721.4", "0.18", "0", "5"], ["65722.1", "0", "0", "0"], ["65723.9", "0.12114509", "0", "2"], ["65734", "0", "0", "0"], ["65735.8", "0.091311", "0", "1"], ["65739.3", "0", "0", "0"], ["65741.1", "0.09130364", "0", "1"], ["65748.4", "0.00003551", "0", "1"], ["65750.2", "0.091291", "0", "1"], ["65757.6", "1.10844842", "0", "1"], ["65760.3", "0", "0", "0"], ["65762.1", "0.091311", "0", "1"], ["65765.6", "0", "0", "0"], ["65767.4", "0.09130364", "0", "1"], ["65768.6", "0", "0", "0"], ["65774.7", "0", "0", "0"], ["65776.5", "0.091291", "0", "1"], ["65821.9", "0.00006541", "0", "4"]], "bids": [["65609.3", "1.38313468", "0", "1"], ["65607", "0", "0", "0"], ["65595.3", "0.12", "0", "4"], ["65586.1", "0.09131475", "0", "1"], ["65584.5", "0.091311", "0", "1"], ["65583.3", "0.18260408", "0", "2"], ["65582.7", "0", "0", "0"], ["65581.5", "0", "0", "0"], ["65572.2", "0", "0", "0"], ["65572", "1.12138201", "0", "3"], ["65558.2", "0.111311", "0", "2"], ["65557", "0.33513408", "0", "3"], ["65556.4", "0", "0", "0"], ["65555.2", "0", "0", "0"], ["65546.4", "0.091291", "0", "1"], ["65544.6", "0", "0", "0"], ["65532", "0.091311", "0", "1"], ["65530.8", "0.18260408", "0", "2"], ["65530.2", "0", "0", "0"], ["65529", "0", "0", "0"], ["65520.2", "0.091291", "0", "1"], ["65518.4", "0.00090161", "0", "1"], ["65403.9", "0.00001993", "0", "1"], ["65402.9", "0.00024063", "0", "1"], ["65401.4", "0.00001003", "0", "1"], ["65400.9", "0.00006171", "0", "1"]], "ts": "1712095263002", "checksum": -518839853, "seqId": 23158030312, "prevSeqId": 23158030250}], "_doc": "27930a84-98d1-4106-aa5c-8ba5366608d6"}, {"arg": {"channel": "books", "instId": "BTC-USDT"}, "action": "update", "data": [{"asks": [["65655.3", "0", "0", "0"], ["65656.8", "0.14053987", "0", "1"], ["65656.9", "0.18947294", "0", "1"], ["65657.4", "0", "0", "0"], ["65657.7", "0.01523051", "0", "1"], ["65658.2", "0", "0", "0"], ["65658.6", "0", "0", "0"], ["65658.7", "0", "0", "0"], ["65660.2", "0.03824607", "0", "1"], ["65660.6", "0", "0", "0"], ["65664.1", "0.15199157", "0", "1"], ["65676.4", "0.05734255", "0", "1"], ["65676.7", "0", "0", "0"], ["65679.9", "0.00234232", "0", "1"], ["65697.8", "0.2", "0", "1"], ["65697.9", "0.04437978", "0", "1"], ["65698.1", "0.12", "0", "3"], ["65698.3", "0.03", "0", "1"], ["65705.9", "0", "0", "0"], ["65714.4", "0.58779603", "0", "3"], ["65721.4", "0.06", "0", "2"], ["65721.5", "0.03", "0", "1"], ["65721.6", "0.06", "0", "1"], ["65821.9", "0", "0", "0"], ["65822", "0", "0", "0"]], "bids": [["65645.5", "0.52627072", "0", "3"], ["65636.2", "0.04573549", "0", "2"], ["65634.1", "0", "0", "0"], ["65633.6", "0", "0", "0"], ["65632.3", "0", "0", "0"], ["65631.9", "0.03532266", "0", "1"], ["65616.1", "0", "0", "0"], ["65615.7", "0.0530809", "0", "1"], ["65595.4", "0.03", "0", "1"], ["65595.3", "0.06", "0", "2"], ["65571.9", "0.06", "0", "1"], ["65571.8", "0", "0", "0"], ["65571.7", "0", "0", "0"], ["65548.5", "0.00229886", "0", "1"], ["65406.7", "0", "0", "0"], ["65406.5", "0.00034292", "0", "1"], ["65406.3", "0.00012333", "0", "2"]], "ts": "1712095262902", "checksum": 472662546, "seqId": 23158030250, "prevSeqId": 23158030175}], "_doc": "873a73d4-f888-42b5-b56b-7c9c24e4a928"}, {"arg": {"channel": "books", "instId": "BTC-USDT"}, "action": "update", "data": [{"asks": [["65656.3", "0", "0", "0"], ["65658.2", "0.01794248", "0", "1"], ["65658.7", "0.01523029", "0", "1"], ["65689", "0", "0", "0"], ["65689.1", "0.00761161", "0", "1"], ["65745.5", "0.49265236", "0", "4"], ["65757.6", "1.12292007", "0", "2"], ["65811.3", "0", "0", "0"]], "bids": [["65645.5", "0.52631881", "0", "3"], ["65614.2", "0", "0", "0"], ["65487.2", "0.00763507", "0", "1"], ["65485.9", "0", "0", "0"], ["65406.6", "0.00019709", "0", "3"]], "ts": "1712095262802", "checksum": -293645353, "seqId": 23158030175, "prevSeqId": 23158030161}], "_doc": "eef6e982-498e-44de-bc25-7d5bec4c936e"}, {"arg": {"channel": "books", "instId": "BTC-USDT"}, "action": "update", "data": [{"asks": [["65649", "0.0305", "0", "1"], ["65675.4", "0", "0", "0"], ["65681", "0.02284999", "0", "1"], ["65685.1", "0", "0", "0"], ["65685.3", "0.02", "0", "1"], ["65822.2", "0", "0", "0"]], "bids": [["65640", "0.1091", "0", "2"], ["65638.1", "0.01180678", "0", "1"], ["65632.4", "0.1115478", "0", "1"], ["65623.9", "0.02328367", "0", "1"], ["65406.6", "0", "0", "0"], ["65406.5", "0", "0", "0"], ["65406.3", "0", "0", "0"]], "ts": "1712095262702", "checksum": -755988939, "seqId": 23158030161, "prevSeqId": 23158030148}], "_doc": "41e4581a-0c7c-4012-ad52-2a89473674ec"}, {"arg": {"channel": "books", "instId": "BTC-USDT"}, "action": "update", "data": [{"asks": [["65647.4", "0", "0", "0"], ["65649", "0", "0", "0"], ["65654", "0", "0", "0"], ["65655.3", "0.1894782", "0", "1"], ["65655.6", "0", "0", "0"], ["65656.3", "0.01523084", "0", "1"], ["65668.7", "0", "0", "0"], ["65671.5", "0", "0", "0"], ["65674.7", "1.78540086", "0", "1"], ["65678.2", "0.00076128", "0", "1"], ["65684.8", "0", "0", "0"], ["65684.9", "0", "0", "0"], ["65685.1", "0.02", "0", "1"], ["65685.2", "0.02", "0", "1"], ["65822", "0.00759", "0", "1"], ["65822.2", "0.00001874", "0", "1"]], "bids": [["65644", "0.0691", "0", "1"], ["65641.8", "0.04276394", "0", "1"], ["65626.2", "0", "0", "0"], ["65620.1", "0.1894782", "0", "1"], ["65618.3", "0", "0", "0"], ["65613.1", "0.66245742", "0", "1"], ["65558.7", "0", "0", "0"], ["65558.6", "0", "0", "0"], ["65558.3", "0.22000944", "0", "7"], ["65558.2", "0.02", "0", "1"], ["65403.9", "0", "0", "0"]], "ts": "1712095262602", "checksum": -1760090616, "seqId": 23158030148, "prevSeqId": 23158030121}], "_doc": "5daf62eb-06df-46f8-8738-f89e58d33348"}, {"arg": {"channel": "books", "instId": "BTC-USDT"}, "action": "update", "data": [{"asks": [["65645.8", "0", "0", "0"], ["65652.7", "0.00533166", "0", "1"], ["65654", "0.1894796", "0", "1"], ["65655.9", "0", "0", "0"], ["65656.4", "0.04", "0", "1"], ["65736.8", "0", "0", "0"], ["65739.5", "0.02966252", "0", "1"], ["65822", "0", "0", "0"]], "bids": [["65639.2", "0", "0", "0"], ["65636.8", "0.18876", "0", "1"], ["65635.4", "0", "0", "0"], ["65633.4", "0.22651", "0", "1"], ["65632", "0.0691", "0", "1"], ["65629.9", "0.26426", "0", "1"], ["65628.5", "0", "0", "0"], ["65620.1", "0", "0", "0"], ["65618.3", "0.1894796", "0", "1"], ["65596.3", "0", "0", "0"], ["65403.9", "0.00001993", "0", "1"]], "ts": "1712095262502", "checksum": 1759593932, "seqId": 23158030121, "prevSeqId": 23158030084}], "_doc": "0700f412-4acc-4c55-9fdb-85505253620a"}, {"arg": {"channel": "books", "instId": "BTC-USDT"}, "action": "update", "data": [{"asks": [["65645.6", "0.09", "0", "2"], ["65652.9", "0", "0", "0"], ["65654.9", "0", "0", "0"], ["65655.9", "0.18947672", "0", "1"], ["65660.3", "0", "0", "0"], ["65660.4", "0", "0", "0"], ["65660.6", "0.03787888", "0", "1"], ["65664.1", "0", "0", "0"], ["65676.5", "0", "0", "0"], ["65676.7", "0.05522672", "0", "1"], ["65684.7", "0", "0", "0"], ["65684.9", "0.02", "0", "1"], ["65689", "0.00761163", "0", "1"], ["65689.1", "0", "0", "0"], ["65701.9", "0.00667952", "0", "1"], ["65703.1", "0", "0", "0"], ["65723.9", "0.02985409", "0", "1"], ["65724.2", "0.00760755", "0", "1"], ["65821.9", "0.00006541", "0", "4"], ["65822", "0.00759", "0", "1"]], "bids": [["65644.1", "0", "0", "0"], ["65644", "0", "0", "0"], ["65640.1", "0.04", "0", "1"], ["65639.8", "0.09", "0", "2"], ["65638.4", "0", "0", "0"], ["65636.8", "0", "0", "0"], ["65635.4", "0.18876", "0", "1"], ["65633.4", "0", "0", "0"], ["65632.3", "0.03715179", "0", "1"], ["65632", "0.29561", "0", "2"], ["65629.9", "0", "0", "0"], ["65628.5", "0.26426", "0", "1"], ["65626.2", "0.02340928", "0", "1"], ["65620.1", "0.18947773", "0", "1"], ["65616.1", "0.05721692", "0", "1"], ["65615.9", "0", "0", "0"], ["65581.1", "0.00794792", "0", "1"], ["65573.8", "0", "0", "0"], ["65509.9", "0.09127794", "0", "1"], ["65485.9", "0.00763523", "0", "1"], ["65485.7", "0", "0", "0"], ["65454.6", "0.01523332", "0", "1"], ["65403.9", "0", "0", "0"]], "ts": "1712095262402", "checksum": -1111786642, "seqId": 23158030084, "prevSeqId": 23158030023}], "_doc": "e4e575e1-bbdb-4232-9b01-5baf1f1fbdd3"}, {"arg": {"channel": "books", "instId": "BTC-USDT"}, "action": "update", "data": [{"asks": [["65657.1", "0.0746", "0", "1"], ["65670.1", "0", "0", "0"], ["65684.4", "0", "0", "0"], ["65684.5", "0", "0", "0"], ["65684.7", "0.02", "0", "1"], ["65684.8", "0.02", "0", "1"], ["65745.5", "0.49499179", "0", "5"], ["65749", "0.00494598", "0", "1"], ["65821.9", "0", "0", "0"]], "bids": [["65638.3", "0", "0", "0"], ["65623.4", "0.0049", "0", "1"], ["65591.3", "0.09131072", "0", "1"], ["65583.2", "0", "0", "0"], ["65559", "0.09126447", "0", "1"], ["65558.9", "0", "0", "0"], ["65558.7", "0.02", "0", "1"], ["65558.6", "0.02", "0", "1"], ["65558.5", "0.09131072", "0", "1"], ["65550.4", "0", "0", "0"], ["65525.7", "0.09131072", "0", "1"], ["65517.6", "0", "0", "0"], ["65511.7", "0.09128461", "0", "1"], ["65509.9", "0", "0", "0"], ["65508.1", "0", "0", "0"], ["65492.9", "0.09131072", "0", "1"], ["65484.8", "0", "0", "0"], ["65460.1", "0.09131072", "0", "1"], ["65452", "0", "0", "0"], ["65451.2", "0.00001155", "0", "1"]], "ts": "1712095262302", "checksum": -1065634567, "seqId": 23158030023, "prevSeqId": 23158029976}], "_doc": "5996e559-a7d7-4e04-9995-82b9ada42af0"}, {"arg": {"channel": "books", "instId": "BTC-USDT"}, "action": "update", "data": [{"asks": [["65645.6", "0.05", "0", "1"], ["65647.3", "0.09579192", "0", "1"], ["65647.7", "0", "0", "0"], ["65647.8", "0.06005317", "0", "2"], ["65649", "0.0305", "0", "1"], ["65651", "0", "0", "0"], ["65652.1", "0.08574848", "0", "2"], ["65652.8", "0.15225035", "0", "1"], ["65653.4", "0", "0", "0"], ["65654.1", "0.14233481", "0", "1"], ["65654.2", "0.23722461", "0", "1"], ["65654.5", "0", "0", "0"], ["65654.9", "0.18947797", "0", "1"], ["65655", "0", "0", "0"], ["65655.3", "0", "0", "0"], ["65655.6", "0.015231", "0", "1"], ["65657.9", "0.04", "0", "1"], ["65659.8", "0", "0", "0"], ["65660.3", "0.03617308", "0", "1"], ["65660.4", "0.0746", "0", "1"], ["65664.6", "0", "0", "0"], ["65669.1", "0", "0", "0"], ["65671", "0.15220824", "0", "1"], ["65671.5", "1.78540086", "0", "1"], ["65671.6", "0.04", "0", "1"], ["65671.9", "0", "0", "0"], ["65674.7", "0", "0", "0"], ["65676", "0", "0", "0"], ["65676.5", "0.05313102", "0", "1"], ["65678.6", "0", "0", "0"], ["65684.3", "0.15217738", "0", "1"], ["65684.4", "0.02", "0", "1"], ["65684.5", "0.02", "0", "1"], ["65686", "0", "0", "0"], ["65686.1", "0", "0", "0"], ["65700.5", "0", "0", "0"], ["65700.9", "0", "0", "0"], ["65704.3", "0", "0", "0"], ["65706.2", "0.01932462", "0", "1"], ["65707.9", "0.12177976", "0", "2"], ["65708.9", "0", "0", "0"], ["65712.2", "0", "0", "0"], ["65714.5", "0.0235772", "0", "1"], ["65722.3", "1.02093378", "0", "1"], ["65727.4", "0", "0", "0"], ["65733.3", "0.13380211", "0", "3"], ["65736.5", "0.19000258", "0", "2"], ["65736.8", "0.02966374", "0", "1"], ["65821.5", "0.0001704", "0", "2"], ["65821.9", "0.00006541", "0", "4"]], "bids": [["65645.5", "0.42484881", "0", "2"], ["65638.3", "0.01180678", "0", "1"], ["65634.3", "0.1522931", "0", "1"], ["65634.1", "0.01523597", "0", "1"], ["65632.6", "0", "0", "0"], ["65632", "0.10679202", "0", "2"], ["65631.5", "0", "0", "0"], ["65630.5", "0", "0", "0"], ["65628.8", "0.08", "0", "1"], ["65625.4", "0", "0", "0"], ["65620.1", "0.18947665", "0", "1"], ["65618.3", "0", "0", "0"], ["65615.9", "0.05581396", "0", "1"], ["65615.3", "0", "0", "0"], ["65593.5", "0.09132226", "0", "1"], ["65586.4", "0.09130711", "0", "1"], ["65586.1", "0.12104667", "0", "2"], ["65583.6", "0", "0", "0"], ["65581.2", "0.03716639", "0", "1"], ["65578.8", "0", "0", "0"], ["65578.3", "0", "0", "0"], ["65578", "0.0002672", "0", "1"], ["65575.9", "0.09129433", "0", "1"], ["65572.7", "0.09129086", "0", "1"], ["65571.4", "0.09589662", "0", "2"], ["65567.8", "0.01670069", "0", "3"], ["65562.8", "0.07611751", "0", "1"], ["65561.6", "0.00036309", "0", "1"], ["65559", "0.11126447", "0", "2"], ["65558.9", "0.02", "0", "1"], ["65558.6", "0", "0", "0"], ["65558.5", "0", "0", "0"], ["65521", "4.57868481", "0", "1"], ["65509.3", "0", "0", "0"], ["65402.9", "0", "0", "0"]], "ts": "1712095262202", "checksum": -1815018368, "seqId": 23158029976, "prevSeqId": 23158029826}], "_doc": "9bbcd161-485d-4d54-898d-cf770742a73a"}, {"arg": {"channel": "books", "instId": "BTC-USDT"}, "action": "update", "data": [{"asks": [["65651", "0.00533166", "0", "1"], ["65652.1", "0.04481406", "0", "1"], ["65652.9", "0.04", "0", "1"], ["65653.3", "0", "0", "0"], ["65653.7", "0", "0", "0"], ["65653.8", "0.0305", "0", "1"], ["65655", "0.10850323", "0", "2"], ["65655.3", "0.18947965", "0", "1"], ["65656.3", "0", "0", "0"], ["65659.8", "0.03967839", "0", "1"], ["65672.4", "0", "0", "0"], ["65674.7", "1.78540086", "0", "1"], ["65674.9", "0", "0", "0"], ["65676", "0.05332971", "0", "1"], ["65689.1", "0.00761161", "0", "1"], ["65702.5", "0", "0", "0"], ["65709", "0", "0", "0"], ["65726.1", "0", "0", "0"], ["65727.4", "0.02966799", "0", "1"], ["65733.3", "0.15380211", "0", "4"], ["65737.7", "0", "0", "0"], ["65740.8", "0.09131323", "0", "1"], ["65745.5", "0.50030977", "0", "6"], ["65821.4", "0.09122881", "0", "1"]], "bids": [["65644.2", "0.0305", "0", "1"], ["65644.1", "0.04", "0", "1"], ["65639.3", "0", "0", "0"], ["65635.6", "0.00533166", "0", "1"], ["65631.5", "0.03534686", "0", "1"], ["65620.8", "0.00076195", "0", "1"], ["65618.3", "0.19437965", "0", "2"], ["65615.3", "0.05686384", "0", "1"], ["65613.8", "0.15234059", "0", "1"], ["65610.7", "0", "0", "0"], ["65608", "0", "0", "0"], ["65607.4", "0.02284999", "0", "1"], ["65607", "1.37452677", "0", "1"], ["65606.9", "0", "0", "0"], ["65601.1", "0", "0", "0"], ["65556.6", "0", "0", "0"], ["65556.5", "0.0017257", "0", "1"], ["65490", "0.00775262", "0", "3"], ["65456.9", "0", "0", "0"], ["65451.2", "0.01524487", "0", "2"], ["65403", "0", "0", "0"], ["65401.4", "0", "0", "0"], ["65400.9", "0", "0", "0"]], "ts": "1712095262102", "checksum": 84006740, "seqId": 23158029826, "prevSeqId": 23158029727}], "_doc": "33fbefa5-d800-4700-92d1-60e9cceda168"}, {"arg": {"channel": "books", "instId": "BTC-USDT"}, "action": "update", "data": [{"asks": [["65645.6", "0.09", "0", "2"], ["65647.4", "0.0305", "0", "1"], ["65649.7", "0", "0", "0"], ["65650.4", "0", "0", "0"], ["65651.7", "0", "0", "0"], ["65652.1", "0.11368979", "0", "1"], ["65653.3", "0.18948294", "0", "1"], ["65653.7", "0.04230004", "0", "1"], ["65654.5", "0.01523124", "0", "1"], ["65655.2", "0.00533148", "0", "1"], ["65655.3", "0", "0", "0"], ["65656.3", "0.01790708", "0", "1"], ["65658.9", "0", "0", "0"], ["65665.9", "0", "0", "0"], ["65669.1", "0.08", "0", "1"], ["65670", "0", "0", "0"], ["65671.5", "0.04344964", "0", "1"], ["65675.1", "0", "0", "0"], ["65675.4", "0.02284999", "0", "1"], ["65708.9", "0.05478711", "0", "1"], ["65709", "0.06", "0", "3"], ["65728.4", "0.06811711", "0", "1"], ["65728.5", "0.11352843", "0", "1"], ["65728.9", "0", "0", "0"], ["65730.5", "0", "0", "0"], ["65731.5", "0.50546044", "0", "4"], ["65815.2", "0.01523266", "0", "1"], ["65821.4", "0", "0", "0"]], "bids": [["65645.5", "0.04733881", "0", "1"], ["65644", "0.0691", "0", "1"], ["65642.6", "0.0305", "0", "1"], ["65639.3", "0.00533166", "0", "1"], ["65635.3", "0.15199157", "0", "1"], ["65635.1", "0", "0", "0"], ["65634.6", "0.0305", "0", "1"], ["65633.6", "0.86718756", "0", "1"], ["65630.6", "0", "0", "0"], ["65629.7", "0", "0", "0"], ["65625.4", "0.08", "0", "1"], ["65620.7", "0", "0", "0"], ["65620.1", "0", "0", "0"], ["65618.3", "0.19438294", "0", "2"], ["65614.5", "0", "0", "0"], ["65614.2", "0.00234756", "0", "1"], ["65596.3", "0.66262654", "0", "1"], ["65578.8", "0.06093529", "0", "1"], ["65446.5", "0", "0", "0"], ["65400", "0", "0", "0"], ["65399.9", "0", "0", "0"]], "ts": "1712095262002", "checksum": -275645084, "seqId": 23158029727, "prevSeqId": 23158029655}], "_doc": "58afeefc-3820-4c56-b2f3-cfe7248909bc"}, {"arg": {"channel": "books", "instId": "BTC-USDT"}, "action": "update", "data": [{"asks": [["65645.6", "0.16779847", "0", "3"], ["65664.9", "0", "0", "0"], ["65665.9", "0.04", "0", "1"], ["65689.1", "0.00949373", "0", "2"], ["65693.9", "0", "0", "0"], ["65708.9", "0.07478711", "0", "2"], ["65709", "0.08", "0", "4"], ["65723.9", "0.03746168", "0", "2"], ["65728.6", "0", "0", "0"], ["65756.2", "0", "0", "0"], ["65780.1", "0", "0", "0"], ["65811.3", "0.00096051", "0", "1"], ["65820.5", "0.00001031", "0", "1"], ["65821.1", "0.00001002", "0", "1"], ["65821.4", "0.09122881", "0", "1"]], "bids": [["65615.4", "0.15233693", "0", "1"], ["65608", "1.37452677", "0", "1"], ["65604.1", "0", "0", "0"], ["65595.1", "0", "0", "0"], ["65492.2", "0", "0", "0"], ["65485.7", "0.00763525", "0", "1"]], "ts": "1712095261902", "checksum": 430596783, "seqId": 23158029655, "prevSeqId": 23158029626}], "_doc": "6da1d881-4b15-4790-9873-447068fb7cfb"}, {"arg": {"channel": "books", "instId": "BTC-USDT"}, "action": "update", "data": [{"asks": [["65647.8", "0.20629317", "0", "3"], ["65667.7", "0", "0", "0"], ["65672.4", "1.78540086", "0", "1"], ["65709", "0.04", "0", "2"], ["65728.6", "0.06", "0", "3"], ["65745.5", "0.49265236", "0", "4"], ["65820.5", "0", "0", "0"]], "bids": [["65635.1", "0.01180678", "0", "1"], ["65634.3", "0", "0", "0"], ["65625", "0.03872", "0", "1"], ["65614.2", "0", "0", "0"], ["65548.5", "0", "0", "0"], ["65399.9", "0.01191002", "0", "2"]], "ts": "1712095261802", "checksum": -1873463542, "seqId": 23158029626, "prevSeqId": 23158029609}], "_doc": "44c8029b-94e4-47a3-b3e0-18f6acb38019"}, {"arg": {"channel": "books", "instId": "BTC-USDT"}, "action": "update", "data": [{"asks": [["65645.6", "0.1701696", "0", "3"], ["65650.6", "0.0305", "0", "1"], ["65653.7", "0", "0", "0"], ["65655.2", "0.11901979", "0", "2"], ["65655.3", "0.18948048", "0", "1"], ["65660.7", "0.03731389", "0", "1"], ["65664.8", "0.01813878", "0", "1"], ["65664.9", "0.02", "0", "1"], ["65667.7", "0.02233817", "0", "1"], ["65669.9", "0", "0", "0"], ["65716.1", "0.13327813", "0", "1"], ["65756.2", "0.01447165", "0", "1"], ["65821.1", "0", "0", "0"], ["65821.4", "0", "0", "0"], ["65821.5", "0", "0", "0"], ["65821.9", "0", "0", "0"], ["65822", "0", "0", "0"]], "bids": [["65634.3", "0.01180678", "0", "1"], ["65633.6", "0", "0", "0"], ["65633", "0.0305", "0", "1"], ["65632.6", "0.01523632", "0", "1"], ["65632.3", "0", "0", "0"], ["65626.5", "0.03960067", "0", "1"], ["65620.1", "0.18948048", "0", "1"], ["65618.3", "0.0049", "0", "1"], ["65616.8", "0.00001523", "0", "1"], ["65608.2", "0", "0", "0"], ["65604.9", "0.0000457", "0", "1"], ["65595.2", "0.0049", "0", "1"], ["65526.6", "0", "0", "0"], ["65456.9", "0.00763861", "0", "1"], ["65399.9", "0", "0", "0"], ["65398.7", "0", "0", "0"], ["65398.4", "0", "0", "0"], ["65397", "0", "0", "0"]], "ts": "1712095261702", "checksum": 1398288030, "seqId": 23158029609, "prevSeqId": 23158029571}], "_doc": "268df353-dfc3-4009-9cfa-6779da9ab748"}, {"arg": {"channel": "books", "instId": "BTC-USDT"}, "action": "update", "data": [{"asks": [["65645.6", "0.31105963", "0", "5"], ["65651.8", "0", "0", "0"], ["65653.5", "0", "0", "0"], ["65653.6", "0", "0", "0"], ["65653.7", "0.18948295", "0", "1"], ["65655.2", "0.11901994", "0", "2"], ["65657.9", "0", "0", "0"], ["65662.3", "0.05367484", "0", "1"], ["65689.1", "0.00188212", "0", "1"], ["65712.5", "0", "0", "0"], ["65728.6", "0.1", "0", "5"], ["65822", "0.00759", "0", "1"]], "bids": [["65638.4", "0.04", "0", "1"], ["65618.3", "0.19438295", "0", "2"], ["65615.6", "0.0049", "0", "1"], ["65607.5", "0.05365517", "0", "1"], ["65604.1", "1.37452677", "0", "1"], ["65602.9", "0", "0", "0"], ["65574.1", "0", "0", "0"], ["65572", "1.15138201", "0", "4"], ["65566.7", "0.00192744", "0", "1"], ["65556.6", "0.00172581", "0", "1"], ["65547.9", "0.0008475", "0", "1"], ["65514.3", "0.06797108", "0", "1"], ["65409.8", "0", "0", "0"], ["65406.7", "0.00062201", "0", "1"], ["65403", "0.00192744", "0", "1"], ["65396.6", "0", "0", "0"], ["65396", "0", "0", "0"], ["65395.5", "0", "0", "0"], ["65395", "0", "0", "0"], ["65392.7", "0", "0", "0"], ["65392.5", "0", "0", "0"], ["65392.1", "0", "0", "0"]], "ts": "1712095261602", "checksum": 173384316, "seqId": 23158029571, "prevSeqId": 23158029521}], "_doc": "9a5dbf9a-dfd7-47a0-9239-4024b21e4ed6"}, {"arg": {"channel": "books", "instId": "BTC-USDT"}, "action": "update", "data": [{"asks": [["65645.6", "0.35105963", "0", "6"], ["65646.6", "0", "0", "0"], ["65649.9", "0", "0", "0"], ["65657.9", "0.05160046", "0", "1"], ["65658.6", "0.15199157", "0", "1"], ["65658.9", "0.03829549", "0", "1"], ["65665.6", "0.00310994", "0", "1"], ["65669.9", "1.78540086", "0", "1"], ["65670.1", "0.03943406", "0", "1"], ["65675.1", "0.0595327", "0", "1"], ["65717.5", "0", "0", "0"], ["65737.7", "0.02966335", "0", "1"], ["65739.3", "0.09130614", "0", "1"], ["65756.2", "0", "0", "0"]], "bids": [["65644", "0", "0", "0"], ["65639.2", "0.04276394", "0", "1"], ["65636.8", "0.19012", "0", "1"], ["65634.2", "0.01835836", "0", "1"], ["65633.6", "0.01180678", "0", "1"], ["65633.4", "0.22814", "0", "1"], ["65632.7", "0", "0", "0"], ["65630.6", "0.03557979", "0", "1"], ["65630.5", "0.15230185", "0", "1"], ["65630", "0", "0", "0"], ["65629.9", "0.26617", "0", "1"], ["65629.7", "0.15199157", "0", "1"], ["65629.3", "0", "0", "0"], ["65626.7", "0", "0", "0"], ["65625.8", "0", "0", "0"], ["65618.3", "0.19438572", "0", "2"], ["65614.5", "0.05392914", "0", "1"], ["65602.9", "0.05492391", "0", "1"], ["65600", "0.15199157", "0", "1"], ["65596.3", "0.70033388", "0", "2"], ["65583.2", "0.09132198", "0", "1"], ["65576.3", "0.23971076", "0", "2"], ["65559.7", "0.00007781", "0", "1"], ["65559.6", "0", "0", "0"], ["65558.6", "0.02", "0", "1"], ["65558.5", "0.02", "0", "1"], ["65550.4", "0.09132198", "0", "1"], ["65543.5", "0", "0", "0"], ["65539.3", "3.05160229", "0", "1"], ["65522.3", "0", "0", "0"], ["65517.6", "0.09132198", "0", "1"], ["65516.4", "0", "0", "0"], ["65510.7", "0", "0", "0"], ["65504.1", "0.66355907", "0", "1"], ["65484.8", "0.09132198", "0", "1"], ["65477.9", "0", "0", "0"], ["65452", "0.09132198", "0", "1"], ["65445.1", "0", "0", "0"], ["65391", "0", "0", "0"], ["65389.2", "0", "0", "0"], ["65388.9", "0", "0", "0"], ["65388.8", "0", "0", "0"], ["65388.3", "0", "0", "0"], ["65385.4", "0", "0", "0"]], "ts": "1712095261502", "checksum": 1070033062, "seqId": 23158029521, "prevSeqId": 23158029394}], "_doc": "2dc8e01a-5703-4a83-b970-23484eb5e805"}, {"arg": {"channel": "books", "instId": "BTC-USDT"}, "action": "update", "data": [{"asks": [["65645.6", "0.31105963", "0", "5"], ["65647.7", "0.29245678", "0", "1"], ["65647.8", "0.23556849", "0", "4"], ["65649.7", "0.00533166", "0", "1"], ["65653.4", "0.07469", "0", "1"], ["65653.5", "0.11369152", "0", "1"], ["65653.6", "0.18948572", "0", "1"], ["65653.7", "0", "0", "0"], ["65653.8", "0.0705", "0", "2"], ["65654.5", "0.05523124", "0", "2"], ["65655.2", "0.00533148", "0", "1"], ["65655.6", "0", "0", "0"], ["65657.4", "0.10949496", "0", "1"], ["65657.5", "0", "0", "0"], ["65658.9", "0.03706135", "0", "1"], ["65661.2", "0", "0", "0"], ["65664.4", "0", "0", "0"], ["65665.6", "1.74420895", "0", "2"], ["65668", "0.04035304", "0", "1"], ["65669.8", "0", "0", "0"], ["65670", "0.02284999", "0", "1"], ["65673.7", "0", "0", "0"], ["65675.1", "0.05458599", "0", "1"], ["65678.6", "0.15219063", "0", "1"], ["65685.9", "0", "0", "0"], ["65686.1", "0.02", "0", "1"], ["65697.7", "0.19619497", "0", "2"], ["65700.9", "0.03046681", "0", "1"], ["65705.9", "0.06093362", "0", "1"], ["65706", "0.06149802", "0", "4"], ["65707.4", "0.02", "0", "1"], ["65707.8", "0.02094372", "0", "1"], ["65709.5", "0", "0", "0"], ["65713.3", "0", "0", "0"], ["65721.1", "0", "0", "0"], ["65728.4", "0", "0", "0"], ["65739.3", "0.12096877", "0", "2"], ["65740.8", "0.09590885", "0", "2"], ["65741", "0.05522634", "0", "2"], ["65741.7", "0", "0", "0"], ["65742.2", "0", "0", "0"], ["65747.1", "0.00001005", "0", "1"], ["65756.2", "0.01447117", "0", "1"], ["65815.2", "0", "0", "0"], ["65821.9", "0.00006541", "0", "4"]], "bids": [["65645.5", "0.05152333", "0", "2"], ["65644.6", "0", "0", "0"], ["65644", "0.0691", "0", "1"], ["65640", "0.0691", "0", "1"], ["65636", "0.0691", "0", "1"], ["65632.7", "0.19012", "0", "1"], ["65632.3", "0.01523639", "0", "1"], ["65632.2", "0", "0", "0"], ["65631.9", "0", "0", "0"], ["65630.6", "0.0389682", "0", "1"], ["65630", "0.01180678", "0", "1"], ["65629.3", "0.22814", "0", "1"], ["65629.2", "0", "0", "0"], ["65628.7", "0", "0", "0"], ["65626.4", "0.05328226", "0", "1"], ["65625.8", "0.26617", "0", "1"], ["65625.2", "0", "0", "0"], ["65623.8", "0.04", "0", "1"], ["65622.3", "0", "0", "0"], ["65618.3", "0.18948572", "0", "1"], ["65617", "0", "0", "0"], ["65615.8", "0.50114978", "0", "2"], ["65614.5", "0.05678557", "0", "1"], ["65613.9", "0", "0", "0"], ["65613.8", "0", "0", "0"], ["65613.1", "0", "0", "0"], ["65600.7", "0", "0", "0"], ["65600.6", "0", "0", "0"], ["65589.5", "0", "0", "0"], ["65576.3", "0.33103274", "0", "3"], ["65568.6", "0.01932468", "0", "1"], ["65566", "0", "0", "0"], ["65561.3", "0.17000569", "0", "1"], ["65556.7", "0", "0", "0"], ["65554.6", "0.0235772", "0", "1"], ["65552.4", "0", "0", "0"], ["65547.4", "0.98574907", "0", "1"], ["65543.5", "0.09132198", "0", "1"], ["65523.9", "0", "0", "0"], ["65510.7", "0.09132198", "0", "1"], ["65509.3", "4.57950164", "0", "1"], ["65497.7", "0", "0", "0"], ["65491.1", "0", "0", "0"], ["65482.8", "0", "0", "0"], ["65477.9", "0.09132198", "0", "1"], ["65458.3", "0", "0", "0"], ["65446.5", "0.01523332", "0", "1"], ["65445.1", "0.09132198", "0", "1"], ["65388.3", "0.00001929", "0", "1"], ["65385.4", "4", "0", "1"]], "ts": "1712095261402", "checksum": 1182435488, "seqId": 23158029394, "prevSeqId": 23158029209}], "_doc": "5f19bd01-6191-4518-9254-87792b814da9"}, {"arg": {"channel": "books", "instId": "BTC-USDT"}, "action": "update", "data": [{"asks": [["65645.6", "0.22713", "0", "5"], ["65645.8", "0.0305", "0", "1"], ["65646.6", "0.1115478", "0", "1"], ["65647.7", "0.39944365", "0", "1"], ["65647.8", "0.28089997", "0", "6"], ["65649", "0.18275935", "0", "2"], ["65649.8", "0", "0", "0"], ["65650.4", "0.04437978", "0", "1"], ["65651.7", "0.04146009", "0", "1"], ["65651.8", "0.04", "0", "1"], ["65653.6", "0.18948092", "0", "1"], ["65653.7", "0.05112572", "0", "1"], ["65653.9", "0", "0", "0"], ["65654.5", "0.01523124", "0", "1"], ["65655.2", "0.08664548", "0", "2"], ["65657.5", "0.07819012", "0", "2"], ["65658.6", "0.18249157", "0", "2"], ["65658.9", "0.04146002", "0", "1"], ["65659.9", "0", "0", "0"], ["65661.2", "0.15223099", "0", "1"], ["65662.4", "0", "0", "0"], ["65663.6", "0", "0", "0"], ["65664", "0.1003071", "0", "13"], ["65664.1", "0.04", "0", "1"], ["65664.4", "0.23722461", "0", "1"], ["65664.6", "0.15222296", "0", "1"], ["65664.8", "0.09813878", "0", "2"], ["65666.5", "0", "0", "0"], ["65667.1", "0", "0", "0"], ["65668.7", "0.00076139", "0", "1"], ["65669.8", "1.74109901", "0", "1"], ["65669.9", "0", "0", "0"], ["65673.7", "0.05431303", "0", "1"], ["65673.9", "0", "0", "0"], ["65674.9", "0.15066008", "0", "1"], ["65675.7", "0", "0", "0"], ["65678.5", "0", "0", "0"], ["65678.9", "0", "0", "0"], ["65679.1", "0", "0", "0"], ["65682.7", "0", "0", "0"], ["65684.7", "0", "0", "0"], ["65689", "0", "0", "0"], ["65698.4", "0.35199157", "0", "2"], ["65726.1", "0.01523343", "0", "1"], ["65747.3", "0.10960379", "0", "1"], ["65748.1", "0", "0", "0"], ["65768.6", "0.05473732", "0", "1"], ["65821.9", "0", "0", "0"], ["65822", "0", "0", "0"], ["65822.2", "0", "0", "0"]], "bids": [["65647.7", "0", "0", "0"], ["65647.4", "0", "0", "0"], ["65645.8", "0", "0", "0"], ["65644.6", "0.04276394", "0", "1"], ["65644.2", "0", "0", "0"], ["65644", "0", "0", "0"], ["65642.6", "0", "0", "0"], ["65641.5", "0", "0", "0"], ["65640.1", "0", "0", "0"], ["65640", "0", "0", "0"], ["65639.8", "0.05", "0", "1"], ["65639", "0", "0", "0"], ["65638.8", "0", "0", "0"], ["65638.4", "0", "0", "0"], ["65636", "0.08733748", "0", "2"], ["65635.9", "0", "0", "0"], ["65635.6", "0", "0", "0"], ["65634.1", "0", "0", "0"], ["65633.4", "0", "0", "0"], ["65632.4", "0", "0", "0"], ["65632.2", "0.19012", "0", "1"], ["65632.1", "0", "0", "0"], ["65631.9", "0.01828377", "0", "2"], ["65629.2", "0.03934286", "0", "1"], ["65628.7", "0.22814", "0", "1"], ["65626.8", "0", "0", "0"], ["65626.7", "0.1523107", "0", "1"], ["65626.2", "0", "0", "0"], ["65625.2", "0.26617", "0", "1"], ["65625", "0", "0", "0"], ["65622.3", "0.02238104", "0", "1"], ["65622", "0", "0", "0"], ["65621.9", "0", "0", "0"], ["65620.7", "0.02", "0", "1"], ["65618.3", "0.18948092", "0", "1"], ["65617.9", "0", "0", "0"], ["65615", "0", "0", "0"], ["65613.1", "0.05421724", "0", "1"], ["65610.7", "0.00076207", "0", "1"], ["65609.3", "0", "0", "0"], ["65608.7", "0", "0", "0"], ["65607.3", "0", "0", "0"], ["65604.9", "0", "0", "0"], ["65601.1", "0.02284999", "0", "1"], ["65600.9", "0", "0", "0"], ["65600.7", "1.42431298", "0", "1"], ["65600.5", "0.15237149", "0", "1"], ["65600", "0", "0", "0"], ["65595.1", "0.15238418", "0", "1"], ["65592", "0", "0", "0"], ["65591.7", "0", "0", "0"], ["65586.4", "0", "0", "0"], ["65586.1", "0.02973192", "0", "1"], ["65583.6", "0.09133171", "0", "1"], ["65580.9", "0", "0", "0"], ["65578.3", "0.09131531", "0", "1"], ["65578", "0.09159015", "0", "2"], ["65575.9", "0", "0", "0"], ["65575.8", "0.5093", "0", "1"], ["65570.9", "0", "0", "0"], ["65569.7", "0", "0", "0"], ["65569.6", "0", "0", "0"], ["65567.8", "0.10800322", "0", "4"], ["65566", "0.11029327", "0", "1"], ["65565.8", "0", "0", "0"], ["65563.5", "2.53166875", "0", "2"], ["65562.8", "0.16741781", "0", "2"], ["65561.6", "0.09166325", "0", "2"], ["65561.5", "0", "0", "0"], ["65558.4", "0", "0", "0"], ["65552.2", "0.09139981", "0", "2"], ["65550.1", "0", "0", "0"], ["65525.9", "0", "0", "0"], ["65522.3", "3.05239453", "0", "1"], ["65497.7", "4.58031276", "0", "1"], ["65452.8", "0", "0", "0"], ["65408.8", "0.00020791", "0", "1"], ["65408.3", "0.00001029", "0", "1"], ["65408.1", "0.0000294", "0", "1"], ["65406.6", "0.00019709", "0", "3"], ["65406.5", "0.00034292", "0", "1"], ["65406.3", "0.00012333", "0", "2"], ["65403.9", "0.00001993", "0", "1"], ["65402.9", "0.00024063", "0", "1"], ["65401.4", "0.00001003", "0", "1"], ["65400.9", "0.00006171", "0", "1"], ["65400", "0.05281346", "0", "52"], ["65399.9", "0.01191002", "0", "2"], ["65398.7", "0.00002318", "0", "1"], ["65398.4", "0.00001439", "0", "1"], ["65397", "0.00001387", "0", "1"], ["65396.6", "0.00003306", "0", "1"], ["65396", "0.09548505", "0", "1"], ["65395.5", "0.00013459", "0", "1"], ["65395", "0.00002932", "0", "1"], ["65392.7", "0.00018308", "0", "1"], ["65392.5", "0.00035455", "0", "1"], ["65392.1", "0.00009496", "0", "1"], ["65391", "0.00002", "0", "2"], ["65389.2", "0.0000208", "0", "2"], ["65388.9", "0.00001123", "0", "1"], ["65388.8", "0.00001674", "0", "1"]], "ts": "1712095261302", "checksum": -1216569648, "seqId": 23158029209, "prevSeqId": 23158028908}], "_doc": "000dbcf5-5d2a-4fef-ac2f-65d23b087540"}, {"arg": {"channel": "books", "instId": "BTC-USDT"}, "action": "update", "data": [{"asks": [["65647.9", "0", "0", "0"], ["65649", "0", "0", "0"], ["65649.8", "0.02400008", "0", "1"], ["65649.9", "0.04", "0", "1"], ["65650.6", "0", "0", "0"], ["65651.9", "0", "0", "0"], ["65652", "0.0691", "0", "1"], ["65662.3", "0", "0", "0"], ["65662.4", "0.03548891", "0", "1"], ["65674.9", "1.02582699", "0", "2"], ["65714.8", "0", "0", "0"], ["65717.1", "0.09130044", "0", "1"], ["65733.8", "0", "0", "0"], ["65741.1", "0", "0", "0"], ["65741.7", "0.02966153", "0", "1"], ["65743.4", "0.09130044", "0", "1"], ["65767.3", "0.0011", "0", "1"], ["65767.4", "0", "0", "0"], ["65769.7", "0.09130044", "0", "1"], ["65822", "0.00759", "0", "1"], ["65822.2", "0.00001874", "0", "1"]], "bids": [["65647.7", "0.59147", "0", "5"], ["65640.1", "0.04", "0", "1"], ["65639.8", "0.06180678", "0", "2"], ["65634.1", "0.0393369", "0", "1"], ["65634", "0", "0", "0"], ["65626.4", "0.05818226", "0", "2"], ["65596.3", "0.03770734", "0", "1"], ["65583.3", "0.09130044", "0", "1"], ["65581.7", "0", "0", "0"], ["65559.9", "0", "0", "0"], ["65559.8", "0.09131614", "0", "1"], ["65559.7", "0.02007781", "0", "2"], ["65559.6", "0.02", "0", "1"], ["65557", "0.24383044", "0", "2"], ["65530.8", "0.09130044", "0", "1"], ["65409.8", "0.00062162", "0", "1"], ["65408.8", "0", "0", "0"], ["65408.3", "0", "0", "0"]], "ts": "1712095261202", "checksum": -605563678, "seqId": 23158028908, "prevSeqId": 23158028860}], "_doc": "db1a4229-e003-4451-94d6-5db0a327f5f4"}, {"arg": {"channel": "books", "instId": "BTC-USDT"}, "action": "update", "data": [{"asks": [["65656.8", "0", "0", "0"], ["65656.9", "0", "0", "0"], ["65657.5", "0", "0", "0"], ["65658.9", "0.1136793", "0", "1"], ["65659.9", "0.18946542", "0", "1"], ["65675.7", "1.74109901", "0", "1"], ["65677.9", "0", "0", "0"], ["65685.8", "0", "0", "0"], ["65686", "0.02", "0", "1"], ["65733.8", "0.02966508", "0", "1"], ["65789.2", "0.00009134", "0", "3"]], "bids": [["65639", "0.1915", "0", "1"], ["65636", "0.24733748", "0", "3"], ["65635.7", "0", "0", "0"], ["65635.6", "0.2298", "0", "1"], ["65632.3", "0", "0", "0"], ["65632.1", "0.2681", "0", "1"], ["65629.9", "0", "0", "0"], ["65628.8", "0", "0", "0"], ["65625", "0.18946542", "0", "1"], ["65622.7", "0", "0", "0"], ["65620.6", "0", "0", "0"], ["65620.1", "0.00001523", "0", "1"], ["65609.3", "1.42431298", "0", "1"], ["65608.6", "0", "0", "0"], ["65608.2", "0.0000457", "0", "1"], ["65592", "0.02972923", "0", "1"], ["65560.1", "0.0913085", "0", "1"], ["65560", "0.04625656", "0", "2"], ["65559.9", "0.02", "0", "1"], ["65559.8", "0.11131614", "0", "2"], ["65408.1", "0", "0", "0"], ["65406.6", "0", "0", "0"]], "ts": "1712095261102", "checksum": 1374899955, "seqId": 23158028860, "prevSeqId": 23158028801}], "_doc": "84362038-52d4-4b21-9e47-01a5de86fd88"}, {"arg": {"channel": "books", "instId": "BTC-USDT"}