[{"arg": {"channel": "books", "instId": "BTC-USDT-SWAP"}, "action": "update", "data": [{"asks": [["65652", "88", "0", "11"], ["65659.4", "83", "0", "3"], ["65659.9", "0", "0", "0"], ["65666.5", "30", "0", "1"], ["65669.5", "82", "0", "4"], ["65673.3", "0", "0", "0"], ["65677", "20", "0", "1"], ["65681.2", "59", "0", "2"], ["65681.9", "61", "0", "4"], ["65690.8", "0", "0", "0"], ["65702.4", "4", "0", "1"], ["65702.5", "1510", "0", "2"], ["65703", "163", "0", "4"], ["65703.1", "2003", "0", "2"], ["65705.7", "0", "0", "0"], ["65705.8", "22", "0", "1"], ["65706.5", "2", "0", "1"], ["65706.6", "322", "0", "11"], ["65719.1", "0", "0", "0"], ["65722.9", "46", "0", "1"], ["65723.1", "51", "0", "2"], ["65723.3", "62", "0", "2"]], "bids": [["65651.9", "162", "0", "9"], ["65651.8", "1", "0", "1"], ["65650.5", "0", "0", "0"], ["65640.9", "0", "0", "0"], ["65637", "57", "0", "1"], ["65635.4", "19", "0", "3"], ["65634.7", "4", "0", "2"], ["65632.6", "6", "0", "2"], ["65625.8", "35", "0", "3"], ["65622.5", "0", "0", "0"], ["65620.9", "88", "0", "4"], ["65617.1", "9", "0", "2"], ["65614.5", "45", "0", "2"], ["65607.5", "2", "0", "1"], ["65605.7", "1501", "0", "2"], ["65605.6", "0", "0", "0"]], "ts": "1712095266002", "checksum": -142863970, "seqId": 122619748059, "prevSeqId": 122619747386}], "_doc": "dec028b4-289a-4a98-92d0-b1a0896b735b"}, {"arg": {"channel": "books", "instId": "BTC-USDT-SWAP"}, "action": "update", "data": [{"asks": [["65652", "95", "0", "12"], ["65654.9", "0", "0", "0"], ["65655", "0", "0", "0"], ["65656", "7", "0", "1"], ["65659.7", "0", "0", "0"], ["65659.9", "13", "0", "1"], ["65664.5", "1", "0", "1"], ["65665.2", "0", "0", "0"], ["65667.5", "1", "0", "1"], ["65667.9", "1", "0", "1"], ["65669.5", "49", "0", "3"], ["65681.9", "41", "0", "3"], ["65682", "41", "0", "3"], ["65700.6", "2", "0", "1"], ["65700.9", "22", "0", "2"], ["65701", "2", "0", "1"], ["65702.4", "1504", "0", "2"], ["65702.5", "10", "0", "1"]], "bids": [["65645.3", "1", "0", "1"], ["65635.5", "15", "0", "1"], ["65635.4", "81", "0", "4"], ["65633.9", "4", "0", "1"], ["65633.8", "25", "0", "3"], ["65633.2", "36", "0", "3"], ["65632.6", "4", "0", "1"], ["65626.8", "162", "0", "3"], ["65625.6", "64", "0", "4"], ["65625", "63", "0", "10"], ["65623.1", "85", "0", "2"], ["65614.5", "15", "0", "1"], ["65605.7", "1", "0", "1"], ["65605.6", "1500", "0", "1"], ["65604", "102", "0", "7"], ["65601.6", "127", "0", "2"], ["65593.5", "15", "0", "1"], ["65591.6", "7", "0", "1"], ["65591.4", "14", "0", "2"], ["65587.6", "0", "0", "0"], ["65587.5", "0", "0", "0"], ["65587.2", "0", "0", "0"], ["65586.9", "0", "0", "0"], ["65586.8", "0", "0", "0"]], "ts": "1712095265902", "checksum": -516970643, "seqId": 122619747386, "prevSeqId": 122619746891}], "_doc": "d78a77dc-8bb6-4728-9a39-109234511c33"}, {"arg": {"channel": "books", "instId": "BTC-USDT-SWAP"}, "action": "update", "data": [{"asks": [["65652", "93", "0", "11"], ["65654.9", "1", "0", "1"], ["65655", "1", "0", "1"], ["65656.1", "0", "0", "0"], ["65656.4", "3", "0", "1"], ["65657.4", "6", "0", "1"], ["65659.7", "13", "0", "1"], ["65660.2", "0", "0", "0"], ["65666.5", "50", "0", "2"], ["65668.5", "1", "0", "1"], ["65671.8", "107", "0", "2"], ["65673.3", "20", "0", "1"], ["65679.1", "0", "0", "0"], ["65681", "8", "0", "1"], ["65683.1", "6", "0", "3"], ["65685.8", "25", "0", "3"], ["65691.9", "0", "0", "0"], ["65702.5", "1510", "0", "2"], ["65703.1", "3", "0", "1"], ["65717.2", "0", "0", "0"], ["65719.2", "0", "0", "0"], ["65720.6", "38", "0", "3"], ["65722.6", "5", "0", "1"], ["65722.9", "0", "0", "0"], ["65723.1", "0", "0", "0"]], "bids": [["65651.9", "159", "0", "6"], ["65651.1", "0", "0", "0"], ["65650.6", "1", "0", "1"], ["65650.5", "1", "0", "1"], ["65650.1", "20", "0", "1"], ["65645.2", "4", "0", "2"], ["65643.4", "20", "0", "1"], ["65643", "6", "0", "1"], ["65642.8", "2", "0", "1"], ["65642.7", "2", "0", "1"], ["65642.5", "22", "0", "2"], ["65641.5", "0", "0", "0"], ["65641.2", "0", "0", "0"], ["65641.1", "0", "0", "0"], ["65640.9", "62", "0", "1"], ["65640.6", "0", "0", "0"], ["65635.4", "80", "0", "3"], ["65630.3", "1", "0", "1"], ["65629.8", "0", "0", "0"], ["65623.3", "52", "0", "2"], ["65620.2", "1", "0", "1"], ["65612.7", "3", "0", "2"], ["65611.4", "2", "0", "1"], ["65606.3", "0", "0", "0"], ["65605.7", "1501", "0", "2"], ["65591.1", "5", "0", "1"], ["65589.1", "5", "0", "1"], ["65587.7", "22", "0", "1"], ["65586.6", "0", "0", "0"], ["65586.5", "0", "0", "0"], ["65586.4", "0", "0", "0"], ["65586.3", "0", "0", "0"], ["65586.1", "0", "0", "0"], ["65586", "0", "0", "0"], ["65585.9", "0", "0", "0"]], "ts": "1712095265802", "checksum": 1593124416, "seqId": 122619746891, "prevSeqId": 122619746264}], "_doc": "920049d7-c1c0-4c14-bf74-d0feb629d769"}, {"arg": {"channel": "books", "instId": "BTC-USDT-SWAP"}, "action": "update", "data": [{"asks": [["65656", "8", "0", "2"], ["65656.1", "1", "0", "1"], ["65669.5", "95", "0", "4"], ["65674.7", "63", "0", "3"], ["65677.7", "7", "0", "1"], ["65679.1", "1", "0", "1"], ["65679.8", "92", "0", "1"], ["65683.1", "5", "0", "2"], ["65683.8", "107", "0", "1"], ["65687.9", "4", "0", "2"], ["65699.7", "0", "0", "0"], ["65711.4", "1065", "0", "1"], ["65714.7", "40", "0", "2"], ["65714.8", "5", "0", "1"], ["65723.3", "0", "0", "0"], ["65723.5", "0", "0", "0"], ["65723.6", "0", "0", "0"], ["65724", "0", "0", "0"]], "bids": [["65651.9", "139", "0", "6"], ["65644", "22", "0", "2"], ["65642.2", "42", "0", "1"], ["65641.5", "2", "0", "1"], ["65641.1", "22", "0", "2"], ["65640.9", "0", "0", "0"], ["65639", "15", "0", "1"], ["65637.4", "4", "0", "1"], ["65635.4", "18", "0", "2"], ["65629.9", "9", "0", "1"], ["65626.9", "20", "0", "1"], ["65624.6", "93", "0", "2"], ["65620.2", "0", "0", "0"], ["65619", "6", "0", "2"], ["65614.4", "2", "0", "1"], ["65614.1", "2", "0", "1"], ["65612.1", "3", "0", "1"], ["65597.6", "0", "0", "0"], ["65596.4", "6", "0", "2"], ["65593", "38", "0", "2"], ["65592.7", "1", "0", "1"], ["65588.7", "10", "0", "1"], ["65586.4", "11", "0", "1"], ["65586", "7", "0", "2"], ["65585.8", "0", "0", "0"], ["65585.7", "0", "0", "0"], ["65585.4", "0", "0", "0"], ["65585", "0", "0", "0"]], "ts": "1712095265702", "checksum": 1091069716, "seqId": 122619746264, "prevSeqId": 122619745468}], "_doc": "bae4fcfa-19c0-4ec7-931d-736205f090e1"}, {"arg": {"channel": "books", "instId": "BTC-USDT-SWAP"}, "action": "update", "data": [{"asks": [["65652", "87", "0", "10"], ["65652.6", "6", "0", "1"], ["65656.8", "0", "0", "0"], ["65656.9", "0", "0", "0"], ["65658", "3", "0", "1"], ["65658.6", "0", "0", "0"], ["65658.9", "46", "0", "2"], ["65659.5", "6", "0", "2"], ["65666.4", "0", "0", "0"], ["65666.8", "0", "0", "0"], ["65667.9", "2", "0", "2"], ["65668.5", "21", "0", "2"], ["65669.5", "92", "0", "4"], ["65669.9", "0", "0", "0"], ["65671.7", "1", "0", "1"], ["65671.8", "127", "0", "3"], ["65673.3", "0", "0", "0"], ["65674.8", "0", "0", "0"], ["65676.6", "137", "0", "4"], ["65685", "7", "0", "1"], ["65689.5", "14", "0", "5"], ["65690.3", "0", "0", "0"], ["65691.9", "8", "0", "1"], ["65702.6", "22", "0", "1"], ["65703.1", "1503", "0", "2"], ["65723.1", "51", "0", "2"], ["65723.3", "62", "0", "2"], ["65723.5", "46", "0", "1"], ["65723.6", "3", "0", "1"], ["65724", "11", "0", "1"]], "bids": [["65651.9", "137", "0", "4"], ["65651.8", "0", "0", "0"], ["65645.2", "2", "0", "2"], ["65645", "2", "0", "2"], ["65644.9", "35", "0", "1"], ["65643.6", "33", "0", "3"], ["65642.2", "57", "0", "2"], ["65641.2", "2", "0", "1"], ["65641.1", "26", "0", "3"], ["65640.6", "20", "0", "1"], ["65640.5", "0", "0", "0"], ["65639.1", "11", "0", "1"], ["65639", "17", "0", "2"], ["65638.8", "23", "0", "2"], ["65638.7", "12", "0", "1"], ["65638.4", "5", "0", "4"], ["65637.9", "0", "0", "0"], ["65636.7", "20", "0", "1"], ["65633", "1", "0", "1"], ["65632.8", "4", "0", "1"], ["65632", "37", "0", "3"], ["65630.7", "0", "0", "0"], ["65627.4", "16", "0", "2"], ["65627", "0", "0", "0"], ["65612.9", "78", "0", "4"], ["65612.3", "186", "0", "5"], ["65610.5", "0", "0", "0"], ["65606.3", "1500", "0", "1"], ["65605.8", "13", "0", "1"], ["65590.8", "42", "0", "5"]], "ts": "1712095265602", "checksum": 1433200718, "seqId": 122619745468, "prevSeqId": 122619744763}], "_doc": "cf61021e-8a8b-4a46-8018-cf31346b7cf6"}, {"arg": {"channel": "books", "instId": "BTC-USDT-SWAP"}, "action": "update", "data": [{"asks": [["65652", "86", "0", "9"], ["65652.6", "0", "0", "0"], ["65653.1", "21", "0", "1"], ["65654", "21", "0", "2"], ["65654.2", "6", "0", "1"], ["65656.8", "1", "0", "1"], ["65656.9", "1", "0", "1"], ["65658.6", "2", "0", "1"], ["65659.4", "70", "0", "2"], ["65659.5", "7", "0", "3"], ["65661.2", "3", "0", "1"], ["65661.3", "15", "0", "1"], ["65666.4", "1", "0", "1"], ["65666.8", "20", "0", "1"], ["65667.2", "4", "0", "1"], ["65667.5", "0", "0", "0"], ["65667.9", "1", "0", "1"], ["65668.5", "1", "0", "1"], ["65668.6", "30", "0", "1"], ["65669.3", "61", "0", "2"], ["65669.5", "95", "0", "4"], ["65669.9", "1", "0", "1"], ["65670.1", "11", "0", "1"], ["65671.3", "0", "0", "0"], ["65671.8", "107", "0", "2"], ["65672.2", "4", "0", "1"], ["65672.7", "4", "0", "1"], ["65673.3", "20", "0", "1"], ["65674.8", "128", "0", "1"], ["65674.9", "33", "0", "2"], ["65676.6", "9", "0", "3"], ["65676.7", "253", "0", "1"], ["65677.8", "68", "0", "3"], ["65679", "0", "0", "0"], ["65679.1", "0", "0", "0"], ["65682.8", "7", "0", "2"], ["65683.1", "6", "0", "3"], ["65683.3", "22", "0", "5"], ["65689.1", "2", "0", "1"], ["65689.4", "42", "0", "3"], ["65696.6", "12", "0", "1"], ["65697.8", "1", "0", "1"], ["65700.5", "12", "0", "1"], ["65700.9", "29", "0", "3"], ["65701", "2026", "0", "2"], ["65702.1", "41", "0", "4"], ["65702.2", "6", "0", "1"], ["65702.6", "1522", "0", "2"], ["65704.2", "1", "0", "1"], ["65704.3", "9", "0", "3"], ["65705.6", "0", "0", "0"], ["65705.8", "24", "0", "2"], ["65710.9", "0", "0", "0"], ["65716", "10", "0", "1"], ["65719.6", "10", "0", "1"], ["65723.1", "0", "0", "0"], ["65723.3", "0", "0", "0"], ["65723.5", "0", "0", "0"], ["65723.6", "0", "0", "0"], ["65723.7", "0", "0", "0"], ["65724", "0", "0", "0"], ["65724.1", "0", "0", "0"], ["65724.3", "0", "0", "0"], ["65724.4", "0", "0", "0"], ["65724.5", "0", "0", "0"], ["65724.8", "0", "0", "0"]], "bids": [["65651.9", "36", "0", "4"], ["65651.8", "1", "0", "1"], ["65651.1", "25", "0", "1"], ["65650.1", "0", "0", "0"], ["65648.8", "4", "0", "1"], ["65645.1", "33", "0", "1"], ["65643.8", "36", "0", "1"], ["65641.1", "4", "0", "1"], ["65640.9", "62", "0", "1"], ["65640.5", "15", "0", "1"], ["65640.4", "26", "0", "2"], ["65639.9", "15", "0", "1"], ["65639.1", "31", "0", "2"], ["65638.8", "25", "0", "3"], ["65638.7", "14", "0", "2"], ["65638.4", "2", "0", "1"], ["65638.3", "0", "0", "0"], ["65637.9", "20", "0", "1"], ["65636.7", "22", "0", "2"], ["65635.7", "0", "0", "0"], ["65635.4", "80", "0", "3"], ["65634", "0", "0", "0"], ["65633.3", "4", "0", "1"], ["65633.2", "32", "0", "2"], ["65633.1", "4", "0", "1"], ["65632.9", "4", "0", "1"], ["65632.5", "11", "0", "2"], ["65631.3", "1", "0", "1"], ["65630.7", "1", "0", "1"], ["65629.8", "1", "0", "1"], ["65628.9", "4", "0", "1"], ["65628.4", "0", "0", "0"], ["65628", "14", "0", "2"], ["65627", "1", "0", "1"], ["65626.8", "163", "0", "4"], ["65626.1", "23", "0", "2"], ["65621.9", "0", "0", "0"], ["65621.2", "7", "0", "1"], ["65620.7", "128", "0", "2"], ["65618.9", "345", "0", "2"], ["65617.7", "0", "0", "0"], ["65617.3", "0", "0", "0"], ["65610.5", "129", "0", "1"], ["65608.5", "0", "0", "0"], ["65607.1", "19", "0", "2"], ["65605.8", "1513", "0", "2"], ["65597.7", "172", "0", "2"], ["65586.9", "42", "0", "3"], ["65586.1", "10", "0", "1"], ["65584.8", "0", "0", "0"], ["65584.6", "0", "0", "0"], ["65584.5", "0", "0", "0"], ["65584.4", "0", "0", "0"], ["65584.3", "0", "0", "0"], ["65584.2", "0", "0", "0"], ["65583.9", "0", "0", "0"], ["65583.8", "0", "0", "0"]], "ts": "1712095265502", "checksum": 1441706667, "seqId": 122619744763, "prevSeqId": 122619744045}], "_doc": "304a6ab2-b260-4a8c-ad89-8c513795b75c"}, {"arg": {"channel": "books", "instId": "BTC-USDT-SWAP"}, "action": "update", "data": [{"asks": [["65652", "132", "0", "10"], ["65653.1", "45", "0", "1"], ["65654", "20", "0", "1"], ["65654.1", "0", "0", "0"], ["65654.2", "51", "0", "2"], ["65656.2", "15", "0", "1"], ["65658.5", "0", "0", "0"], ["65658.7", "20", "0", "1"], ["65658.9", "6", "0", "1"], ["65659.4", "46", "0", "1"], ["65659.5", "27", "0", "4"], ["65660.2", "13", "0", "1"], ["65660.3", "31", "0", "1"], ["65661.2", "27", "0", "2"], ["65661.3", "16", "0", "2"], ["65661.4", "37", "0", "2"], ["65661.5", "22", "0", "1"], ["65662.3", "15", "0", "1"], ["65662.7", "0", "0", "0"], ["65663.5", "15", "0", "1"], ["65665.2", "1", "0", "1"], ["65666.8", "27", "0", "2"], ["65667.5", "1", "0", "1"], ["65667.9", "2", "0", "2"], ["65668.4", "0", "0", "0"], ["65668.8", "0", "0", "0"], ["65669.5", "64", "0", "3"], ["65669.6", "3", "0", "1"], ["65670.1", "103", "0", "2"], ["65670.9", "0", "0", "0"], ["65671.3", "20", "0", "1"], ["65672.3", "0", "0", "0"], ["65673.5", "16", "0", "3"], ["65673.8", "128", "0", "3"], ["65674.8", "0", "0", "0"], ["65674.9", "286", "0", "3"], ["65676", "4", "0", "1"], ["65676.3", "15", "0", "3"], ["65676.5", "0", "0", "0"], ["65677.1", "12", "0", "2"], ["65677.5", "115", "0", "7"], ["65678.9", "22", "0", "2"], ["65679", "128", "0", "1"], ["65679.1", "1", "0", "1"], ["65682.8", "0", "0", "0"], ["65683.1", "1", "0", "1"], ["65683.3", "19", "0", "4"], ["65683.6", "34", "0", "2"], ["65684.6", "72", "0", "2"], ["65685", "15", "0", "2"], ["65685.2", "623", "0", "3"], ["65685.3", "6", "0", "2"], ["65686.3", "17", "0", "2"], ["65687", "124", "0", "2"], ["65687.2", "8", "0", "1"], ["65687.6", "14", "0", "3"], ["65688", "293", "0", "9"], ["65696", "461", "0", "2"], ["65697", "0", "0", "0"], ["65698.5", "120", "0", "4"], ["65698.8", "0", "0", "0"], ["65699.3", "1", "0", "1"], ["65702.1", "40", "0", "3"], ["65702.7", "0", "0", "0"], ["65704.2", "2", "0", "2"], ["65704.3", "15", "0", "4"], ["65705", "121", "0", "1"], ["65706.3", "191", "0", "2"], ["65706.7", "0", "0", "0"], ["65709", "478", "0", "6"], ["65710.9", "4", "0", "1"], ["65713.6", "10", "0", "1"], ["65721.3", "3", "0", "2"], ["65725.1", "0", "0", "0"], ["65725.3", "0", "0", "0"]], "bids": [["65651.9", "131", "0", "4"], ["65649.7", "0", "0", "0"], ["65645.8", "0", "0", "0"], ["65645", "3", "0", "3"], ["65644.9", "52", "0", "1"], ["65644.7", "51", "0", "1"], ["65644.1", "0", "0", "0"], ["65643.9", "30", "0", "1"], ["65643.7", "30", "0", "2"], ["65643.4", "0", "0", "0"], ["65643.2", "0", "0", "0"], ["65641.8", "81", "0", "2"], ["65641.3", "0", "0", "0"], ["65640.9", "0", "0", "0"], ["65640.4", "19", "0", "1"], ["65638.9", "71", "0", "1"], ["65638.4", "8", "0", "4"], ["65635.7", "20", "0", "1"], ["65635.5", "0", "0", "0"], ["65635.4", "18", "0", "2"], ["65632.5", "27", "0", "2"], ["65632.3", "20", "0", "1"], ["65632", "22", "0", "2"], ["65631.3", "5", "0", "3"], ["65630.5", "57", "0", "3"], ["65629.6", "0", "0", "0"], ["65629.3", "45", "0", "1"], ["65628.9", "5", "0", "2"], ["65628.4", "15", "0", "1"], ["65626.8", "165", "0", "5"], ["65625.9", "45", "0", "1"], ["65625.2", "48", "0", "2"], ["65625", "48", "0", "9"], ["65624.5", "93", "0", "4"], ["65624.2", "0", "0", "0"], ["65623.7", "6", "0", "1"], ["65623.5", "229", "0", "3"], ["65621.2", "8", "0", "2"], ["65621", "0", "0", "0"], ["65620.8", "0", "0", "0"], ["65620.2", "92", "0", "1"], ["65620.1", "44", "0", "1"], ["65619.5", "32", "0", "2"], ["65618.6", "23", "0", "2"], ["65618.2", "85", "0", "6"], ["65617.8", "33", "0", "3"], ["65617.7", "253", "0", "1"], ["65617.3", "92", "0", "1"], ["65616.1", "56", "0", "2"], ["65614.8", "0", "0", "0"], ["65614.6", "58", "0", "7"], ["65614.5", "30", "0", "2"], ["65614.3", "2", "0", "1"], ["65614", "45", "0", "1"], ["65613.3", "75", "0", "3"], ["65613", "0", "0", "0"], ["65612.6", "22", "0", "1"], ["65612", "75", "0", "3"], ["65611.3", "2", "0", "1"], ["65608.5", "129", "0", "1"], ["65607", "12", "0", "2"], ["65605.9", "0", "0", "0"], ["65604.4", "4", "0", "1"], ["65604", "132", "0", "8"], ["65601.6", "133", "0", "4"], ["65596.1", "247", "0", "4"], ["65593.6", "0", "0", "0"], ["65593.5", "60", "0", "2"], ["65588.2", "0", "0", "0"], ["65586.1", "11", "0", "2"], ["65586", "4", "0", "1"]], "ts": "1712095265402", "checksum": -1386138651, "seqId": 122619744045, "prevSeqId": 122619743329}], "_doc": "a92946d8-4161-4022-8f5f-d04bae54f470"}, {"arg": {"channel": "books", "instId": "BTC-USDT-SWAP"}, "action": "update", "data": [{"asks": [["65652", "148", "0", "11"], ["65652.6", "6", "0", "1"], ["65653.1", "1", "0", "1"], ["65653.2", "3", "0", "1"], ["65654", "21", "0", "2"], ["65654.1", "1", "0", "1"], ["65654.2", "52", "0", "3"], ["65654.8", "3", "0", "1"], ["65656", "7", "0", "1"], ["65658.5", "98", "0", "1"], ["65658.6", "25", "0", "2"], ["65658.7", "35", "0", "2"], ["65659", "6", "0", "1"], ["65659.4", "59", "0", "2"], ["65659.5", "85", "0", "8"], ["65659.6", "3", "0", "1"], ["65659.8", "2", "0", "1"], ["65660.4", "5", "0", "1"], ["65660.7", "0", "0", "0"], ["65661.2", "28", "0", "3"], ["65661.3", "15", "0", "1"], ["65661.4", "22", "0", "1"], ["65662.7", "11", "0", "1"], ["65662.8", "5", "0", "1"], ["65662.9", "0", "0", "0"], ["65663.5", "37", "0", "2"], ["65663.6", "39", "0", "2"], ["65663.9", "0", "0", "0"], ["65664", "15", "0", "3"], ["65664.6", "41", "0", "2"], ["65664.7", "20", "0", "1"], ["65664.9", "1", "0", "1"], ["65665", "5", "0", "1"], ["65665.1", "12", "0", "1"], ["65665.2", "0", "0", "0"], ["65665.5", "58", "0", "1"], ["65665.6", "19", "0", "1"], ["65665.7", "8", "0", "2"], ["65666.2", "0", "0", "0"], ["65666.5", "30", "0", "1"], ["65666.6", "19", "0", "1"], ["65666.7", "91", "0", "2"], ["65666.8", "9", "0", "3"], ["65666.9", "11", "0", "1"], ["65667", "15", "0", "1"], ["65667.9", "1", "0", "1"], ["65668.1", "22", "0", "1"], ["65668.4", "92", "0", "1"], ["65668.6", "31", "0", "2"], ["65668.7", "57", "0", "3"], ["65668.8", "20", "0", "1"], ["65669", "0", "0", "0"], ["65669.1", "16", "0", "1"], ["65669.4", "18", "0", "2"], ["65669.5", "12", "0", "2"], ["65670", "62", "0", "2"], ["65670.1", "11", "0", "1"], ["65670.5", "5", "0", "2"], ["65671", "76", "0", "3"], ["65671.1", "0", "0", "0"], ["65671.7", "0", "0", "0"], ["65671.9", "15", "0", "1"], ["65672.1", "3", "0", "1"], ["65672.3", "1", "0", "1"], ["65672.5", "0", "0", "0"], ["65672.6", "18", "0", "2"], ["65673", "0", "0", "0"], ["65673.2", "0", "0", "0"], ["65673.4", "18", "0", "2"], ["65673.5", "11", "0", "2"], ["65673.6", "23", "0", "2"], ["65673.8", "83", "0", "2"], ["65674.1", "19", "0", "2"], ["65674.2", "30", "0", "2"], ["65674.4", "98", "0", "4"], ["65674.8", "16", "0", "2"], ["65675.2", "7", "0", "1"], ["65675.6", "7", "0", "1"], ["65676.1", "0", "0", "0"], ["65676.5", "253", "0", "1"], ["65676.6", "8", "0", "2"], ["65677.1", "17", "0", "3"], ["65677.2", "92", "0", "1"], ["65677.5", "100", "0", "6"], ["65677.7", "99", "0", "2"], ["65678", "0", "0", "0"], ["65678.5", "0", "0", "0"], ["65678.6", "11", "0", "1"], ["65678.7", "0", "0", "0"], ["65678.8", "0", "0", "0"], ["65679.2", "160", "0", "2"], ["65679.3", "15", "0", "1"], ["65679.4", "0", "0", "0"], ["65680.1", "4", "0", "1"], ["65680.2", "350", "0", "1"], ["65680.3", "0", "0", "0"], ["65680.5", "75", "0", "3"], ["65680.8", "14", "0", "2"], ["65680.9", "10", "0", "3"], ["65681.1", "3", "0", "1"], ["65681.6", "0", "0", "0"], ["65681.7", "0", "0", "0"], ["65681.8", "2", "0", "1"], ["65682.2", "7", "0", "1"], ["65682.4", "2", "0", "2"], ["65682.8", "20", "0", "1"], ["65683", "3", "0", "1"], ["65683.1", "2", "0", "2"], ["65683.2", "48", "0", "3"], ["65683.4", "181", "0", "3"], ["65683.5", "63", "0", "3"], ["65683.6", "42", "0", "3"], ["65683.7", "25", "0", "1"], ["65683.9", "24", "0", "2"], ["65684.1", "66", "0", "3"], ["65684.2", "8", "0", "1"], ["65684.3", "0", "0", "0"], ["65684.7", "0", "0", "0"], ["65685.1", "34", "0", "3"], ["65685.5", "2", "0", "1"], ["65685.7", "0", "0", "0"], ["65685.8", "23", "0", "2"], ["65686.1", "8", "0", "1"], ["65686.2", "1022", "0", "2"], ["65686.4", "159", "0", "2"], ["65686.6", "0", "0", "0"], ["65686.7", "46", "0", "1"], ["65687.6", "6", "0", "2"], ["65687.7", "18", "0", "4"], ["65688", "278", "0", "9"], ["65688.3", "0", "0", "0"], ["65689.2", "135", "0", "6"], ["65689.5", "12", "0", "4"], ["65689.7", "0", "0", "0"], ["65689.8", "100", "0", "3"], ["65690.2", "13", "0", "2"], ["65690.3", "109", "0", "1"], ["65690.6", "2", "0", "1"], ["65690.8", "2", "0", "1"], ["65691", "52", "0", "2"], ["65691.1", "8", "0", "1"], ["65691.5", "0", "0", "0"], ["65691.7", "0", "0", "0"], ["65691.8", "2", "0", "1"], ["65692.4", "26", "0", "1"], ["65693.3", "2", "0", "1"], ["65693.7", "3", "0", "1"], ["65693.9", "0", "0", "0"], ["65694.2", "0", "0", "0"], ["65694.3", "22", "0", "4"], ["65694.4", "181", "0", "2"], ["65694.8", "99", "0", "4"], ["65695.2", "0", "0", "0"], ["65695.5", "0", "0", "0"], ["65695.8", "0", "0", "0"], ["65697", "45", "0", "1"], ["65697.6", "11", "0", "1"], ["65697.7", "4", "0", "2"], ["65698.5", "105", "0", "4"], ["65700.6", "0", "0", "0"], ["65701", "2", "0", "1"], ["65701.4", "4", "0", "1"], ["65702.4", "4", "0", "1"], ["65702.7", "12", "0", "1"], ["65702.8", "16", "0", "3"], ["65704.2", "11", "0", "4"], ["65704.5", "5", "0", "2"], ["65704.9", "163", "0", "3"], ["65705.5", "2", "0", "1"], ["65705.7", "2", "0", "1"], ["65708.8", "0", "0", "0"], ["65708.9", "99", "0", "3"], ["65709", "523", "0", "7"], ["65711.1", "0", "0", "0"], ["65712", "0", "0", "0"], ["65712.2", "228", "0", "1"], ["65715.9", "19", "0", "3"], ["65717.6", "191", "0", "6"], ["65719.5", "75", "0", "2"], ["65720.9", "0", "0", "0"], ["65722.1", "0", "0", "0"], ["65723.1", "51", "0", "2"], ["65724.2", "0", "0", "0"], ["65725.7", "0", "0", "0"], ["65725.8", "0", "0", "0"], ["65725.9", "0", "0", "0"], ["65726.1", "0", "0", "0"], ["65726.2", "0", "0", "0"], ["65726.3", "0", "0", "0"], ["65726.5", "0", "0", "0"], ["65726.6", "0", "0", "0"], ["65726.7", "0", "0", "0"], ["65726.8", "0", "0", "0"], ["65726.9", "0", "0", "0"], ["65727.1", "0", "0", "0"], ["65727.6", "0", "0", "0"], ["65727.8", "0", "0", "0"], ["65727.9", "0", "0", "0"], ["65728.1", "0", "0", "0"], ["65728.4", "0", "0", "0"], ["65728.5", "0", "0", "0"], ["65728.6", "0", "0", "0"], ["65728.7", "0", "0", "0"], ["65728.8", "0", "0", "0"], ["65729.1", "0", "0", "0"], ["65729.2", "0", "0", "0"], ["65729.3", "0", "0", "0"]], "bids": [["65659.4", "0", "0", "0"], ["65659", "0", "0", "0"], ["65658.9", "0", "0", "0"], ["65658.7", "0", "0", "0"], ["65658.6", "0", "0", "0"], ["65658", "0", "0", "0"], ["65657.4", "0", "0", "0"], ["65657.3", "0", "0", "0"], ["65656", "0", "0", "0"], ["65655.8", "0", "0", "0"], ["65655.7", "0", "0", "0"], ["65654.9", "0", "0", "0"], ["65654.8", "0", "0", "0"], ["65654.2", "0", "0", "0"], ["65654.1", "0", "0", "0"], ["65654", "0", "0", "0"], ["65653.2", "0", "0", "0"], ["65652.9", "0", "0", "0"], ["65652.6", "0", "0", "0"], ["65652.3", "0", "0", "0"], ["65652.2", "0", "0", "0"], ["65652.1", "0", "0", "0"], ["65652", "0", "0", "0"], ["65651.9", "66", "0", "3"], ["65650.9", "30", "0", "2"], ["65650.1", "19", "0", "1"], ["65649.7", "2", "0", "1"], ["65649.4", "21", "0", "2"], ["65649.3", "0", "0", "0"], ["65649.2", "0", "0", "0"], ["65648.6", "0", "0", "0"], ["65648.4", "3", "0", "1"], ["65648.3", "0", "0", "0"], ["65647.3", "0", "0", "0"], ["65647", "0", "0", "0"], ["65646.9", "0", "0", "0"], ["65646.7", "0", "0", "0"], ["65646.6", "0", "0", "0"], ["65646.5", "0", "0", "0"], ["65646.4", "0", "0", "0"], ["65646.3", "37", "0", "1"], ["65646.2", "43", "0", "2"], ["65646", "0", "0", "0"], ["65645.9", "36", "0", "1"], ["65645.7", "0", "0", "0"], ["65645.4", "0", "0", "0"], ["65645.3", "0", "0", "0"], ["65645.1", "0", "0", "0"], ["65644.9", "0", "0", "0"], ["65644.8", "3", "0", "1"], ["65644.7", "0", "0", "0"], ["65644.6", "0", "0", "0"], ["65644.5", "0", "0", "0"], ["65644.3", "0", "0", "0"], ["65644.1", "1", "0", "1"], ["65644", "7", "0", "1"], ["65643.9", "0", "0", "0"], ["65643.8", "71", "0", "2"], ["65643.7", "31", "0", "3"], ["65643.4", "1", "0", "1"], ["65642.9", "0", "0", "0"], ["65642.6", "27", "0", "2"], ["65642.4", "25", "0", "2"], ["65642.3", "0", "0", "0"], ["65642.2", "42", "0", "1"], ["65642.1", "30", "0", "1"], ["65641.9", "1", "0", "1"], ["65641.8", "20", "0", "1"], ["65641.5", "0", "0", "0"], ["65641.3", "51", "0", "1"], ["65641", "30", "0", "2"], ["65640.9", "62", "0", "1"], ["65640.7", "0", "0", "0"], ["65640.4", "26", "0", "2"], ["65640.2", "0", "0", "0"], ["65640.1", "1", "0", "1"], ["65639.4", "50", "0", "2"], ["65639.1", "11", "0", "1"], ["65638.9", "0", "0", "0"], ["65638.8", "23", "0", "2"], ["65638.7", "12", "0", "1"], ["65638.4", "69", "0", "5"], ["65638.3", "1", "0", "1"], ["65638", "0", "0", "0"], ["65637.8", "30", "0", "1"], ["65637.5", "0", "0", "0"], ["65637.4", "0", "0", "0"], ["65637.3", "0", "0", "0"], ["65637.1", "37", "0", "3"], ["65637", "0", "0", "0"], ["65636.9", "17", "0", "2"], ["65636.8", "156", "0", "4"], ["65636.6", "12", "0", "1"], ["65636.1", "0", "0", "0"], ["65635.7", "0", "0", "0"], ["65635.6", "30", "0", "2"], ["65635.5", "86", "0", "2"], ["65635.4", "80", "0", "3"], ["65635.1", "0", "0", "0"], ["65634.7", "0", "0", "0"], ["65634", "4", "0", "1"], ["65633.5", "11", "0", "1"], ["65632.8", "0", "0", "0"], ["65632.6", "0", "0", "0"], ["65632.4", "19", "0", "1"], ["65632.3", "21", "0", "2"], ["65632.2", "22", "0", "1"], ["65632", "7", "0", "1"], ["65631.8", "2", "0", "1"], ["65631.7", "57", "0", "2"], ["65631.3", "0", "0", "0"], ["65630.7", "0", "0", "0"], ["65630.5", "42", "0", "2"], ["65630.3", "0", "0", "0"], ["65629.8", "0", "0", "0"], ["65629.6", "1", "0", "1"], ["65629.5", "7", "0", "1"], ["65629.2", "0", "0", "0"], ["65628", "15", "0", "3"], ["65627.8", "14", "0", "1"], ["65627.3", "7", "0", "1"], ["65625.9", "0", "0", "0"], ["65625.6", "63", "0", "3"], ["65625.3", "0", "0", "0"], ["65624.8", "15", "0", "1"], ["65624.5", "49", "0", "4"], ["65624.3", "185", "0", "5"], ["65623.6", "62", "0", "5"], ["65623.5", "11", "0", "2"], ["65623.2", "20", "0", "1"], ["65623.1", "81", "0", "1"], ["65622.8", "357", "0", "2"], ["65622.5", "8", "0", "1"], ["65622.3", "151", "0", "1"], ["65621.9", "1", "0", "1"], ["65621.2", "9", "0", "2"], ["65620.9", "44", "0", "2"], ["65620.8", "15", "0", "1"], ["65620.4", "17", "0", "2"], ["65620.2", "94", "0", "2"], ["65620.1", "46", "0", "2"], ["65620", "125", "0", "6"], ["65619.7", "0", "0", "0"], ["65619.6", "7", "0", "1"], ["65619.5", "17", "0", "1"], ["65619.3", "29", "0", "2"], ["65618.9", "0", "0", "0"], ["65618.7", "20", "0", "1"], ["65618.3", "15", "0", "1"], ["65618.2", "86", "0", "7"], ["65618", "27", "0", "2"], ["65617.9", "10", "0", "5"], ["65617.2", "1", "0", "1"], ["65617.1", "11", "0", "3"], ["65616.7", "51", "0", "3"], ["65616.4", "30", "0", "1"], ["65616.2", "37", "0", "2"], ["65616.1", "11", "0", "1"], ["65615.9", "0", "0", "0"], ["65615.6", "479", "0", "2"], ["65614.8", "92", "0", "1"], ["65614.7", "160", "0", "2"], ["65614.6", "79", "0", "8"], ["65614", "20", "0", "1"], ["65613.8", "304", "0", "1"], ["65613.7", "0", "0", "0"], ["65613.1", "0", "0", "0"], ["65613", "253", "0", "1"], ["65612.3", "58", "0", "4"], ["65612.2", "1000", "0", "1"], ["65611.9", "0", "0", "0"], ["65610.3", "42", "0", "3"], ["65610", "0", "0", "0"], ["65609.6", "4", "0", "2"], ["65609", "27", "0", "2"], ["65608.3", "19", "0", "1"], ["65608.1", "23", "0", "3"], ["65607.9", "17", "0", "2"], ["65607", "141", "0", "3"], ["65606.4", "24", "0", "3"], ["65605.9", "20", "0", "1"], ["65605.3", "0", "0", "0"], ["65604.4", "26", "0", "2"], ["65604", "147", "0", "8"], ["65603.7", "19", "0", "1"], ["65603.5", "50", "0", "2"], ["65601.6", "21", "0", "4"], ["65601.5", "323", "0", "11"], ["65600.7", "20", "0", "2"], ["65599.9", "42", "0", "2"], ["65598.9", "43", "0", "3"], ["65597.9", "28", "0", "4"], ["65597.6", "2", "0", "1"], ["65594.9", "18", "0", "2"], ["65593.6", "110", "0", "1"], ["65592.6", "11", "0", "1"], ["65592", "1", "0", "1"], ["65591.8", "1", "0", "1"], ["65591.6", "10", "0", "2"], ["65591.4", "21", "0", "4"], ["65591.3", "126", "0", "5"], ["65591.2", "22", "0", "1"], ["65590.8", "41", "0", "4"], ["65590.4", "1", "0", "1"], ["65590.3", "47", "0", "1"], ["65590.2", "10", "0", "1"], ["65590.1", "79", "0", "1"], ["65590", "6", "0", "2"], ["65589.9", "44", "0", "1"], ["65589.8", "79", "0", "5"], ["65589.7", "10", "0", "1"], ["65589.6", "11", "0", "1"], ["65589.5", "22", "0", "1"], ["65589.3", "3", "0", "1"], ["65589.2", "30", "0", "1"], ["65588.8", "34", "0", "1"], ["65588.4", "32", "0", "2"], ["65588.3", "18", "0", "2"], ["65588.2", "169", "0", "1"], ["65588", "27", "0", "1"], ["65587.8", "11", "0", "2"], ["65587.7", "27", "0", "2"], ["65587.6", "27", "0", "4"], ["65587.5", "366", "0", "2"], ["65587.2", "3", "0", "1"], ["65586.9", "32", "0", "2"], ["65586.8", "45", "0", "1"], ["65586.6", "4", "0", "1"], ["65586.5", "5", "0", "2"], ["65586.4", "21", "0", "2"], ["65586.3", "267", "0", "3"], ["65586.1", "10", "0", "1"], ["65586", "1941", "0", "2"], ["65585.9", "22", "0", "1"], ["65585.8", "21", "0", "3"], ["65585.7", "51", "0", "2"], ["65585.4", "1", "0", "1"], ["65585", "13", "0", "1"], ["65584.8", "3", "0", "1"], ["65584.6", "14", "0", "2"], ["65584.5", "151", "0", "1"], ["65584.4", "49", "0", "4"], ["65584.3", "503", "0", "2"], ["65584.2", "12", "0", "2"], ["65583.9", "7", "0", "1"], ["65583.8", "3", "0", "1"]], "ts": "1712095265302", "checksum": -1464413557, "seqId": 122619743329, "prevSeqId": 122619740405}], "_doc": "720cd699-a2bf-4b95-824b-8e96d8d01df3"}, {"arg": {"channel": "books", "instId": "BTC-USDT-SWAP"}, "action": "update", "data": [{"asks": [["65659.5", "29", "0", "3"], ["65659.6", "0", "0", "0"], ["65660.7", "47", "0", "1"], ["65662", "0", "0", "0"], ["65663.6", "0", "0", "0"], ["65663.9", "25", "0", "2"], ["65664.2", "0", "0", "0"], ["65665.2", "13", "0", "1"], ["65665.7", "1", "0", "1"], ["65667.1", "15", "0", "1"], ["65668.6", "0", "0", "0"], ["65669", "42", "0", "2"], ["65669.1", "20", "0", "2"], ["65669.6", "18", "0", "2"], ["65671.3", "0", "0", "0"], ["65671.7", "1", "0", "1"], ["65672", "15", "0", "1"], ["65672.3", "0", "0", "0"], ["65672.6", "37", "0", "3"], ["65673", "1", "0", "1"], ["65673.2", "1", "0", "1"], ["65673.3", "0", "0", "0"], ["65673.5", "5", "0", "1"], ["65673.6", "22", "0", "1"], ["65674.1", "4", "0", "1"], ["65675.7", "0", "0", "0"], ["65676.1", "1", "0", "1"], ["65676.7", "0", "0", "0"], ["65678.5", "1", "0", "1"], ["65679.4", "20", "0", "1"], ["65680.3", "15", "0", "1"], ["65680.6", "24", "0", "2"], ["65680.7", "7", "0", "1"], ["65681.1", "0", "0", "0"], ["65681.4", "15", "0", "1"], ["65681.6", "1", "0", "1"], ["65681.7", "1", "0", "1"], ["65682.2", "52", "0", "2"], ["65683.1", "12", "0", "3"], ["65683.8", "0", "0", "0"], ["65685.6", "0", "0", "0"], ["65687.9", "2", "0", "1"], ["65688", "263", "0", "9"], ["65689.2", "75", "0", "4"], ["65689.7", "20", "0", "1"], ["65689.8", "101", "0", "4"], ["65694.8", "107", "0", "5"], ["65697", "71", "0", "2"], ["65697.4", "72", "0", "3"], ["65699.2", "0", "0", "0"], ["65699.4", "39", "0", "2"], ["65702.1", "34", "0", "2"], ["65705.2", "46", "0", "1"], ["65705.6", "2", "0", "1"], ["65705.7", "3", "0", "2"], ["65706.4", "30", "0", "1"], ["65707.3", "0", "0", "0"], ["65708.9", "1599", "0", "4"], ["65709.1", "46", "0", "2"], ["65712.2", "231", "0", "2"], ["65714.2", "40", "0", "1"], ["65716", "20", "0", "2"], ["65718.5", "11", "0", "1"], ["65725.1", "64", "0", "2"]], "bids": [["65659.4", "446", "0", "20"], ["65658.7", "14", "0", "1"], ["65657.5", "0", "0", "0"], ["65657.3", "10", "0", "1"], ["65653", "0", "0", "0"], ["65652.8", "0", "0", "0"], ["65652.3", "32", "0", "2"], ["65651.7", "30", "0", "2"], ["65649.5", "0", "0", "0"], ["65648.4", "65", "0", "2"], ["65648.3", "2", "0", "1"], ["65647.3", "19", "0", "1"], ["65646.6", "34", "0", "2"], ["65645.9", "36", "0", "2"], ["65645.3", "10", "0", "2"], ["65645.2", "0", "0", "0"], ["65644.8", "23", "0", "2"], ["65644.6", "22", "0", "1"], ["65644.3", "76", "0", "1"], ["65643", "0", "0", "0"], ["65642.9", "62", "0", "1"], ["65642.1", "0", "0", "0"], ["65641.8", "27", "0", "2"], ["65640.1", "0", "0", "0"], ["65636.6", "17", "0", "2"], ["65635.7", "15", "0", "1"], ["65635.5", "22", "0", "2"], ["65633.7", "46", "0", "1"], ["65633.1", "0", "0", "0"], ["65632.8", "1", "0", "1"], ["65631.3", "1", "0", "1"], ["65630.7", "8", "0", "1"], ["65630.1", "37", "0", "3"], ["65629.5", "10", "0", "2"], ["65628.8", "41", "0", "4"], ["65627.3", "112", "0", "2"], ["65623.2", "35", "0", "2"], ["65620.9", "126", "0", "5"], ["65619.5", "1017", "0", "2"], ["65619.4", "40", "0", "4"], ["65619.3", "31", "0", "3"], ["65617.2", "2", "0", "2"], ["65617.1", "1637", "0", "4"], ["65615.9", "2", "0", "1"], ["65615.7", "0", "0", "0"], ["65615.6", "482", "0", "3"], ["65612.8", "100", "0", "2"], ["65608.9", "0", "0", "0"], ["65605.3", "1", "0", "1"], ["65601.6", "34", "0", "5"], ["65600.9", "0", "0", "0"], ["65592.6", "0", "0", "0"], ["65591.8", "0", "0", "0"]], "ts": "1712095265202", "checksum": -493811141, "seqId": 122619740405, "prevSeqId": 122619739436}], "_doc": "d9cd88c0-e864-49f8-bf7d-28a393cd1fc2"}, {"arg": {"channel": "books", "instId": "BTC-USDT-SWAP"}, "action": "update", "data": [{"asks": [["65659.5", "103", "0", "4"], ["65659.7", "0", "0", "0"], ["65662", "25", "0", "2"], ["65666.7", "0", "0", "0"], ["65666.8", "13", "0", "1"], ["65667.1", "22", "0", "2"], ["65668.6", "13", "0", "1"], ["65668.7", "16", "0", "2"], ["65670.2", "1", "0", "1"], ["65672.3", "1", "0", "1"], ["65672.9", "3", "0", "1"], ["65673", "0", "0", "0"], ["65673.5", "35", "0", "2"], ["65674.1", "5", "0", "2"], ["65674.8", "0", "0", "0"], ["65675.7", "1", "0", "1"], ["65676.1", "0", "0", "0"], ["65676.7", "1", "0", "1"], ["65676.8", "11", "0", "1"], ["65678.8", "92", "0", "1"], ["65679.3", "0", "0", "0"], ["65680", "34", "0", "3"], ["65680.1", "0", "0", "0"], ["65680.3", "21", "0", "2"], ["65680.7", "8", "0", "2"], ["65680.9", "8", "0", "2"], ["65681.1", "1", "0", "1"], ["65681.9", "37", "0", "2"], ["65682.8", "0", "0", "0"], ["65683.2", "46", "0", "2"], ["65683.4", "30", "0", "2"], ["65683.5", "55", "0", "2"], ["65683.8", "110", "0", "1"], ["65684.3", "92", "0", "1"], ["65684.6", "200", "0", "3"], ["65685.6", "20", "0", "1"], ["65686.5", "7", "0", "1"], ["65686.6", "1", "0", "1"], ["65687.6", "356", "0", "3"], ["65689.6", "2", "0", "1"], ["65689.9", "43", "0", "2"], ["65693.3", "10", "0", "2"], ["65694.2", "8", "0", "1"], ["65699.2", "3", "0", "1"], ["65702.1", "27", "0", "1"], ["65702.9", "23", "0", "2"], ["65703.3", "48", "0", "1"], ["65703.4", "65", "0", "3"], ["65704.2", "9", "0", "3"], ["65704.3", "2039", "0", "5"], ["65704.4", "0", "0", "0"], ["65705.7", "1", "0", "1"], ["65705.9", "0", "0", "0"], ["65706.3", "212", "0", "3"], ["65706.7", "1", "0", "1"], ["65707.3", "1500", "0", "1"], ["65708.8", "6", "0", "1"], ["65709.4", "135", "0", "7"], ["65709.5", "0", "0", "0"], ["65713.6", "22", "0", "2"], ["65714.9", "90", "0", "3"], ["65729.4", "0", "0", "0"], ["65729.5", "0", "0", "0"], ["65729.7", "0", "0", "0"], ["65730", "0", "0", "0"], ["65730.1", "0", "0", "0"], ["65730.4", "0", "0", "0"], ["65730.5", "0", "0", "0"], ["65730.6", "0", "0", "0"], ["65730.9", "0", "0", "0"], ["65731.8", "0", "0", "0"]], "bids": [["65659.4", "343", "0", "18"], ["65658.9", "10", "0", "1"], ["65658.6", "30", "0", "2"], ["65657.8", "0", "0", "0"], ["65654.1", "4", "0", "1"], ["65652.9", "53", "0", "1"], ["65651.7", "31", "0", "3"], ["65648.4", "3", "0", "1"], ["65647", "4", "0", "2"], ["65646.8", "3", "0", "1"], ["65646.7", "20", "0", "1"], ["65645.9", "20", "0", "1"], ["65645.3", "39", "0", "2"], ["65644.8", "3", "0", "1"], ["65644.3", "78", "0", "2"], ["65644.1", "0", "0", "0"], ["65643.6", "30", "0", "2"], ["65643.4", "0", "0", "0"], ["65643", "20", "0", "1"], ["65642.9", "0", "0", "0"], ["65642.4", "18", "0", "3"], ["65642.1", "15", "0", "1"], ["65641.5", "3", "0", "2"], ["65640.1", "1", "0", "1"], ["65638", "6", "0", "1"], ["65637.5", "1", "0", "1"], ["65637.2", "0", "0", "0"], ["65636.8", "84", "0", "5"], ["65636.5", "2", "0", "1"], ["65636", "42", "0", "4"], ["65635.2", "0", "0", "0"], ["65634.9", "19", "0", "1"], ["65634.2", "0", "0", "0"], ["65633.7", "47", "0", "2"], ["65633.4", "27", "0", "2"], ["65633.1", "1", "0", "1"], ["65632.6", "1", "0", "1"], ["65632.2", "26", "0", "2"], ["65631.3", "0", "0", "0"], ["65631", "8", "0", "2"], ["65628.5", "0", "0", "0"], ["65627.4", "15", "0", "1"], ["65626.9", "22", "0", "2"], ["65626.1", "22", "0", "1"], ["65625.9", "102", "0", "3"], ["65624.2", "12", "0", "1"], ["65623.9", "0", "0", "0"], ["65623.3", "128", "0", "3"], ["65622.4", "11", "0", "1"], ["65621.9", "0", "0", "0"], ["65620.6", "0", "0", "0"], ["65618.7", "28", "0", "2"], ["65617.8", "31", "0", "2"], ["65617.1", "137", "0", "3"], ["65615.7", "3", "0", "2"], ["65615.6", "1982", "0", "4"], ["65614.8", "2", "0", "1"], ["65614.6", "77", "0", "7"], ["65612.4", "15", "0", "1"], ["65611.2", "23", "0", "2"], ["65606.4", "22", "0", "2"], ["65603", "0", "0", "0"], ["65600.4", "45", "0", "3"], ["65598.5", "0", "0", "0"], ["65598.4", "0", "0", "0"], ["65598.3", "10", "0", "1"], ["65594.5", "0", "0", "0"], ["65592.7", "4", "0", "2"], ["65592.6", "11", "0", "1"], ["65591.8", "1", "0", "1"]], "ts": "1712095265102", "checksum": -437326660, "seqId": 122619739436, "prevSeqId": 122619738376}], "_doc": "455f4bbf-a012-4c73-8fca-f3a565c0f587"}, {"arg": {"channel": "books", "instId": "BTC-USDT-SWAP"}, "action": "update", "data": [{"asks": [["65658.6", "0", "0", "0"], ["65658.7", "0", "0", "0"], ["65658.9", "0", "0", "0"], ["65659", "0", "0", "0"], ["65659.5", "64", "0", "1"], ["65659.8", "0", "0", "0"], ["65662.5", "0", "0", "0"], ["65662.9", "15", "0", "1"], ["65663.3", "0", "0", "0"], ["65663.4", "0", "0", "0"], ["65663.6", "38", "0", "1"], ["65663.9", "0", "0", "0"], ["65664", "8", "0", "2"], ["65665.1", "0", "0", "0"], ["65665.3", "15", "0", "1"], ["65665.5", "0", "0", "0"], ["65665.7", "20", "0", "2"], ["65666.7", "13", "0", "1"], ["65667", "0", "0", "0"], ["65668.1", "0", "0", "0"], ["65668.7", "8", "0", "1"], ["65669", "28", "0", "2"], ["65669.1", "16", "0", "1"], ["65670.2", "2", "0", "2"], ["65670.3", "3", "0", "1"], ["65670.4", "22", "0", "1"], ["65670.6", "0", "0", "0"], ["65671.3", "22", "0", "1"], ["65671.7", "0", "0", "0"], ["65671.9", "0", "0", "0"], ["65672.2", "0", "0", "0"], ["65672.3", "0", "0", "0"], ["65673", "1", "0", "1"], ["65673.3", "2", "0", "1"], ["65673.5", "5", "0", "1"], ["65673.6", "45", "0", "3"], ["65674.2", "106", "0", "3"], ["65674.3", "0", "0", "0"], ["65674.8", "1", "0", "1"], ["65674.9", "33", "0", "2"], ["65675", "65", "0", "3"], ["65676.1", "1", "0", "1"], ["65676.3", "7", "0", "2"], ["65676.5", "4", "0", "1"], ["65677.5", "55", "0", "4"], ["65677.8", "58", "0", "2"], ["65678", "10", "0", "1"], ["65678.8", "0", "0", "0"], ["65679", "0", "0", "0"], ["65679.2", "7", "0", "1"], ["65679.3", "6", "0", "1"], ["65679.6", "1", "0", "1"], ["65679.7", "0", "0", "0"], ["65679.8", "0", "0", "0"], ["65680", "126", "0", "4"], ["65680.5", "73", "0", "2"], ["65680.6", "25", "0", "3"], ["65680.7", "1", "0", "1"], ["65680.8", "11", "0", "1"], ["65681.3", "0", "0", "0"], ["65681.4", "61", "0", "2"], ["65681.9", "38", "0", "3"], ["65682.2", "45", "0", "1"], ["65682.4", "5", "0", "2"], ["65682.7", "0", "0", "0"], ["65682.9", "26", "0", "2"], ["65683", "11", "0", "2"], ["65683.1", "6", "0", "2"], ["65683.2", "50", "0", "3"], ["65683.3", "18", "0", "3"], ["65683.5", "183", "0", "3"], ["65683.6", "34", "0", "2"], ["65684.3", "112", "0", "2"], ["65684.7", "253", "0", "1"], ["65685", "60", "0", "3"], ["65685.6", "0", "0", "0"], ["65685.8", "15", "0", "1"], ["65686.1", "92", "0", "1"], ["65686.7", "199", "0", "2"], ["65687.3", "0", "0", "0"], ["65687.6", "358", "0", "4"], ["65687.8", "0", "0", "0"], ["65688", "256", "0", "8"], ["65688.9", "0", "0", "0"], ["65689.5", "5", "0", "3"], ["65690.8", "8", "0", "1"], ["65691.4", "129", "0", "4"], ["65691.7", "15", "0", "1"], ["65692.2", "15", "0", "1"], ["65692.9", "13", "0", "2"], ["65693", "23", "0", "2"], ["65693.3", "11", "0", "3"], ["65693.9", "1000", "0", "1"], ["65694.4", "183", "0", "3"], ["65695.5", "53", "0", "2"], ["65696", "463", "0", "3"], ["65697.9", "2", "0", "1"], ["65698.5", "90", "0", "4"], ["65699.7", "2", "0", "1"], ["65700", "56", "0", "3"], ["65701.4", "0", "0", "0"], ["65701.5", "10", "0", "3"], ["65701.6", "42", "0", "2"], ["65702.9", "4", "0", "1"], ["65703.3", "50", "0", "2"], ["65703.4", "67", "0", "4"], ["65704.4", "1", "0", "1"], ["65705.9", "1", "0", "1"], ["65707.1", "2", "0", "1"], ["65709", "508", "0", "7"], ["65709.4", "136", "0", "8"], ["65709.5", "1506", "0", "2"], ["65710", "11", "0", "1"], ["65711.1", "2", "0", "1"], ["65711.3", "14", "0", "4"], ["65711.4", "1080", "0", "3"], ["65712", "4", "0", "1"], ["65713.4", "101", "0", "2"], ["65714.9", "93", "0", "4"], ["65715.1", "0", "0", "0"], ["65715.2", "22", "0", "1"], ["65715.9", "18", "0", "2"], ["65718.5", "21", "0", "2"], ["65719.5", "150", "0", "4"], ["65722.1", "1", "0", "1"], ["65724.2", "2", "0", "1"], ["65726.5", "27", "0", "4"], ["65726.9", "18", "0", "2"], ["65727.4", "0", "0", "0"], ["65728.4", "156", "0", "2"], ["65729.2", "30", "0", "1"], ["65729.3", "18", "0", "2"], ["65729.4", "35", "0", "5"], ["65730.1", "11", "0", "1"], ["65731.9", "0", "0", "0"], ["65732.2", "0", "0", "0"]], "bids": [["65659.4", "478", "0", "20"], ["65659", "6", "0", "1"], ["65658.9", "23", "0", "4"], ["65658.6", "31", "0", "3"], ["65658.5", "0", "0", "0"], ["65658.4", "0", "0", "0"], ["65658.1", "0", "0", "0"], ["65657.9", "0", "0", "0"], ["65657.8", "2", "0", "1"], ["65657.5", "34", "0", "2"], ["65657.3", "76", "0", "2"], ["65657.2", "0", "0", "0"], ["65656.9", "0", "0", "0"], ["65656.3", "0", "0", "0"], ["65656", "7", "0", "1"], ["65655.9", "0", "0", "0"], ["65655.7", "30", "0", "2"], ["65654.9", "14", "0", "1"], ["65653.7", "0", "0", "0"], ["65653", "1", "0", "1"], ["65652.9", "39", "0", "1"], ["65652.8", "5", "0", "1"], ["65652.2", "73", "0", "3"], ["65652.1", "1", "0", "1"], ["65651.3", "0", "0", "0"], ["65650.3", "0", "0", "0"], ["65649.5", "7", "0", "1"], ["65649.4", "28", "0", "2"], ["65649.3", "115", "0", "2"], ["65649.2", "97", "0", "4"], ["65649", "0", "0", "0"], ["65648.9", "0", "0", "0"], ["65647.9", "0", "0", "0"], ["65647.5", "0", "0", "0"], ["65646.9", "15", "0", "1"], ["65646.8", "5", "0", "2"], ["65646.5", "32", "0", "2"], ["65646.4", "72", "0", "1"], ["65645.8", "97", "0", "1"], ["65645.7", "19", "0", "1"], ["65645.5", "0", "0", "0"], ["65645.4", "151", "0", "1"], ["65645.2", "3", "0", "1"], ["65645.1", "58", "0", "3"], ["65645", "0", "0", "0"], ["65644.8", "5", "0", "2"], ["65644.7", "15", "0", "1"], ["65644.3", "76", "0", "1"], ["65644.1", "15", "0", "1"], ["65643.4", "2", "0", "1"], ["65642.9", "62", "0", "1"], ["65642.6", "20", "0", "1"], ["65642.4", "38", "0", "4"], ["65642", "20", "0", "2"], ["65641.9", "80", "0", "2"], ["65641.5", "4", "0", "3"], ["65641.4", "0", "0", "0"], ["65641.1", "0", "0", "0"], ["65641", "54", "0", "3"], ["65640.7", "129", "0", "5"], ["65640.4", "30", "0", "2"], ["65640", "7", "0", "1"], ["65639.7", "98", "0", "1"], ["65639.4", "20", "0", "1"], ["65639", "15", "0", "1"], ["65638.4", "8", "0", "4"], ["65637.8", "0", "0", "0"], ["65637.6", "0", "0", "0"], ["65637.3", "7", "0", "1"], ["65637.2", "20", "0", "1"], ["65637.1", "30", "0", "2"], ["65636.1", "7", "0", "2"], ["65635.6", "20", "0", "1"], ["65635.2", "1", "0", "1"], ["65635.1", "29", "0", "2"], ["65634.9", "34", "0", "2"], ["65634.7", "4", "0", "2"], ["65634.6", "151", "0", "1"], ["65634", "7", "0", "1"], ["65633.2", "30", "0", "1"], ["65633", "0", "0", "0"], ["65631.8", "153", "0", "1"], ["65631.3", "1", "0", "1"], ["65631", "9", "0", "3"], ["65630.9", "0", "0", "0"], ["65630.4", "1", "0", "1"], ["65630.3", "350", "0", "1"], ["65629.8", "92", "0", "1"], ["65629.6", "0", "0", "0"], ["65629.4", "38", "0", "4"], ["65628.9", "4", "0", "1"], ["65628.8", "34", "0", "3"], ["65628.1", "15", "0", "2"], ["65628", "14", "0", "2"], ["65627.4", "107", "0", "2"], ["65627.3", "7", "0", "1"], ["65625.9", "2", "0", "1"], ["65624.8", "268", "0", "2"], ["65623.8", "1", "0", "1"], ["65623.7", "0", "0", "0"], ["65623.6", "60", "0", "4"], ["65622.9", "0", "0", "0"], ["65622.8", "15", "0", "2"], ["65622.4", "26", "0", "2"], ["65622.2", "20", "0", "1"], ["65622", "0", "0", "0"], ["65621", "2", "0", "1"], ["65620.9", "88", "0", "4"], ["65620.4", "32", "0", "3"], ["65619.6", "17", "0", "3"], ["65619.5", "1000", "0", "1"], ["65618.8", "48", "0", "5"], ["65618.7", "156", "0", "3"], ["65617.9", "8", "0", "4"], ["65617.8", "1531", "0", "3"], ["65617.1", "9", "0", "2"], ["65615.8", "24", "0", "4"], ["65615.6", "482", "0", "3"], ["65615.3", "18", "0", "2"], ["65613.9", "11", "0", "1"], ["65612.6", "0", "0", "0"], ["65612.3", "48", "0", "2"], ["65612.1", "0", "0", "0"], ["65611.2", "4", "0", "1"], ["65611.1", "1", "0", "1"], ["65610.2", "3", "0", "1"], ["65608.3", "133", "0", "2"], ["65606.8", "0", "0", "0"], ["65604", "146", "0", "8"], ["65603.7", "22", "0", "2"], ["65601.6", "28", "0", "3"], ["65601.4", "46", "0", "1"], ["65599.3", "4", "0", "1"], ["65599.2", "4", "0", "2"], ["65596.5", "0", "0", "0"], ["65595.7", "0", "0", "0"], ["65595", "14", "0", "2"], ["65594.9", "21", "0", "3"], ["65594", "0", "0", "0"]], "ts": "1712095265002", "checksum": -1113054966, "seqId": 122619738376, "prevSeqId": 122619736156}], "_doc": "75dc527e-72e2-4303-ba1c-98d422282ecd"}, {"arg": {"channel": "books", "instId": "BTC-USDT-SWAP"}, "action": "update", "data": [{"asks": [["65654.1", "0", "0", "0"], ["65656", "0", "0", "0"], ["65657.4", "0", "0", "0"], ["65657.6", "0", "0", "0"], ["65658", "0", "0", "0"], ["65658.2", "0", "0", "0"], ["65658.6", "159", "0", "1"], ["65658.7", "4", "0", "1"], ["65658.8", "0", "0", "0"], ["65658.9", "21", "0", "1"], ["65659.7", "25", "0", "2"], ["65659.8", "15", "0", "1"], ["65660.5", "0", "0", "0"], ["65660.8", "46", "0", "2"], ["65662.8", "0", "0", "0"], ["65665", "0", "0", "0"], ["65665.1", "4", "0", "1"], ["65665.3", "16", "0", "1"], ["65665.6", "0", "0", "0"], ["65665.7", "36", "0", "3"], ["65665.8", "0", "0", "0"], ["65665.9", "0", "0", "0"], ["65666.2", "1", "0", "1"], ["65666.4", "0", "0", "0"], ["65666.5", "0", "0", "0"], ["65666.6", "0", "0", "0"], ["65666.8", "0", "0", "0"], ["65667", "15", "0", "1"], ["65667.4", "0", "0", "0"], ["65667.5", "0", "0", "0"], ["65667.9", "0", "0", "0"], ["65668.1", "4", "0", "2"], ["65668.2", "0", "0", "0"], ["65668.3", "0", "0", "0"], ["65668.8", "0", "0", "0"], ["65668.9", "0", "0", "0"], ["65669.6", "15", "0", "1"], ["65669.8", "0", "0", "0"], ["65669.9", "0", "0", "0"], ["65670", "61", "0", "1"], ["65670.4", "23", "0", "2"], ["65670.9", "55", "0", "1"], ["65671.5", "0", "0", "0"], ["65672.3", "1", "0", "1"], ["65673.3", "78", "0", "2"], ["65673.5", "6", "0", "2"], ["65674", "7", "0", "2"], ["65674.1", "4", "0", "1"], ["65674.3", "27", "0", "1"], ["65675", "76", "0", "4"], ["65675.2", "0", "0", "0"], ["65675.6", "0", "0", "0"], ["65676.3", "27", "0", "3"], ["65676.9", "0", "0", "0"], ["65677.2", "0", "0", "0"], ["65677.5", "70", "0", "5"], ["65677.7", "52", "0", "2"], ["65677.8", "73", "0", "3"], ["65677.9", "0", "0", "0"], ["65678", "92", "0", "1"], ["65678.7", "3", "0", "1"], ["65679", "1", "0", "1"], ["65679.1", "0", "0", "0"], ["65679.3", "15", "0", "3"], ["65679.4", "0", "0", "0"], ["65679.5", "15", "0", "1"], ["65679.6", "129", "0", "2"], ["65679.7", "1", "0", "1"], ["65679.8", "1", "0", "1"], ["65680.1", "17", "0", "1"], ["65680.2", "0", "0", "0"], ["65680.4", "105", "0", "5"], ["65681.2", "57", "0", "1"], ["65681.3", "92", "0", "1"], ["65681.6", "0", "0", "0"], ["65682.2", "0", "0", "0"], ["65682.3", "0", "0", "0"], ["65682.8", "7", "0", "1"], ["65683.1", "1", "0", "1"], ["65683.4", "15", "0", "1"], ["65683.5", "55", "0", "2"], ["65683.6", "287", "0", "3"], ["65683.7", "27", "0", "2"], ["65683.8", "0", "0", "0"], ["65683.9", "22", "0", "1"], ["65684.2", "0", "0", "0"], ["65684.4", "11", "0", "1"], ["65684.8", "0", "0", "0"], ["65685", "145", "0", "3"], ["65685.1", "11", "0", "1"], ["65685.6", "20", "0", "1"], ["65685.8", "183", "0", "3"], ["65686.5", "0", "0", "0"], ["65686.7", "46", "0", "1"], ["65687.3", "8", "0", "1"], ["65687.6", "8", "0", "3"], ["65687.7", "15", "0", "3"], ["65687.8", "1", "0", "1"], ["65687.9", "77", "0", "2"], ["65688", "271", "0", "8"], ["65688.3", "2", "0", "1"], ["65688.5", "0", "0", "0"], ["65688.6", "0", "0", "0"], ["65688.7", "0", "0", "0"], ["65688.9", "2", "0", "1"], ["65690", "2", "0", "1"], ["65690.2", "15", "0", "3"], ["65690.5", "3", "0", "1"], ["65690.6", "4", "0", "2"], ["65690.9", "153", "0", "2"], ["65691", "97", "0", "3"], ["65691.5", "2", "0", "1"], ["65692.3", "2", "0", "1"], ["65692.6", "22", "0", "1"], ["65692.8", "2", "0", "1"], ["65693.3", "10", "0", "2"], ["65693.4", "200", "0", "4"], ["65693.7", "8", "0", "1"], ["65694", "0", "0", "0"], ["65694.3", "27", "0", "6"], ["65694.8", "50", "0", "4"], ["65695.2", "2", "0", "1"], ["65695.3", "4", "0", "1"], ["65695.4", "4", "0", "1"], ["65695.5", "8", "0", "1"], ["65695.8", "8", "0", "1"], ["65695.9", "0", "0", "0"], ["65698.2", "0", "0", "0"], ["65698.3", "0", "0", "0"], ["65698.5", "105", "0", "4"], ["65698.6", "304", "0", "1"], ["65698.9", "191", "0", "2"], ["65700.3", "0", "0", "0"], ["65700.6", "8", "0", "1"], ["65701", "0", "0", "0"], ["65702.2", "0", "0", "0"], ["65702.4", "6", "0", "2"], ["65703.1", "3", "0", "1"], ["65706.6", "320", "0", "10"], ["65708", "36", "0", "3"], ["65708.9", "99", "0", "3"], ["65709", "523", "0", "7"], ["65711.1", "8", "0", "3"], ["65711.3", "18", "0", "6"], ["65711.4", "1103", "0", "5"], ["65715.1", "8", "0", "2"], ["65715.2", "2052", "0", "3"], ["65715.6", "0", "0", "0"], ["65715.9", "30", "0", "3"], ["65719.6", "0", "0", "0"], ["65721.3", "1", "0", "1"], ["65726", "0", "0", "0"], ["65726.1", "4", "0", "1"], ["65726.2", "13", "0", "1"], ["65726.3", "33", "0", "2"], ["65726.5", "26", "0", "3"], ["65726.6", "125", "0", "2"], ["65726.7", "3", "0", "1"], ["65726.8", "1", "0", "1"], ["65727.1", "1", "0", "1"], ["65727.4", "1", "0", "1"], ["65727.6", "151", "0", "1"], ["65727.8", "3", "0", "1"], ["65727.9", "304", "0", "1"], ["65728.1", "11", "0", "1"], ["65728.4", "154", "0", "1"], ["65728.5", "563", "0", "1"], ["65728.6", "34", "0", "3"], ["65728.7", "45", "0", "2"], ["65728.8", "2", "0", "1"], ["65729.1", "4", "0", "1"], ["65729.2", "61", "0", "2"], ["65729.4", "33", "0", "4"], ["65729.5", "380", "0", "1"], ["65729.7", "51", "0", "2"], ["65730", "75", "0", "2"], ["65730.4", "30", "0", "1"], ["65730.5", "44", "0", "1"], ["65730.6", "6", "0", "3"], ["65730.9", "69", "0", "2"], ["65731.8", "42", "0", "3"], ["65731.9", "15", "0", "1"], ["65732.2", "4", "0", "1"]], "bids": [["65658.5", "275", "0", "11"], ["65658.4", "1", "0", "1"], ["65658.1", "35", "0", "3"], ["65658", "3", "0", "1"], ["65657.9", "26", "0", "5"], ["65657.4", "6", "0", "1"], ["65657.3", "128", "0", "12"], ["65657.2", "1", "0", "1"], ["65656.9", "1", "0", "1"], ["65656.3", "1", "0", "1"], ["65656", "65", "0", "2"], ["65655.9", "27", "0", "4"], ["65655.8", "6", "0", "1"], ["65655.7", "32", "0", "4"], ["65654.9", "52", "0", "1"], ["65654.8", "3", "0", "1"], ["65654.2", "6", "0", "1"], ["65654", "20", "0", "1"], ["65653.8", "0", "0", "0"], ["65652.1", "27", "0", "1"], ["65651.8", "0", "0", "0"], ["65651.7", "32", "0", "4"], ["65651.3", "52", "0", "1"], ["65650.3", "5", "0", "1"], ["65649.2", "45", "0", "2"], ["65649", "31", "0", "2"], ["65648.6", "11", "0", "1"], ["65648.4", "65", "0", "2"], ["65647.5", "62", "0", "1"], ["65646.8", "3", "0", "1"], ["65646.5", "22", "0", "1"], ["65645.5", "72", "0", "1"], ["65645.2", "71", "0", "3"], ["65644.5", "19", "0", "1"], ["65644.2", "1", "0", "1"], ["65643.9", "50", "0", "2"], ["65643.4", "76", "0", "1"], ["65643.2", "15", "0", "1"], ["65643.1", "2", "0", "1"], ["65643", "6", "0", "1"], ["65642.7", "0", "0", "0"], ["65642.6", "145", "0", "4"], ["65642.4", "18", "0", "3"], ["65642.1", "0", "0", "0"], ["65642", "85", "0", "4"], ["65641.9", "79", "0", "1"], ["65641.8", "43", "0", "3"], ["65641", "30", "0", "2"], ["65640.9", "18", "0", "2"], ["65640.7", "127", "0", "4"], ["65640.4", "19", "0", "1"], ["65639.8", "0", "0", "0"], ["65639", "21", "0", "4"], ["65638.9", "36", "0", "1"], ["65638.5", "0", "0", "0"], ["65638.4", "12", "0", "2"], ["65638.3", "0", "0", "0"], ["65637.8", "2", "0", "1"], ["65637.6", "1", "0", "1"], ["65637.5", "0", "0", "0"], ["65637.4", "4", "0", "2"], ["65637.3", "15", "0", "1"], ["65637.2", "0", "0", "0"], ["65637", "1", "0", "1"], ["65635.6", "40", "0", "2"], ["65635.5", "15", "0", "1"], ["65635.1", "21", "0", "2"], ["65634.7", "5", "0", "3"], ["65634.6", "171", "0", "2"], ["65634.2", "1", "0", "1"], ["65633.7", "46", "0", "1"], ["65633", "2", "0", "1"], ["65632.8", "0", "0", "0"], ["65631.3", "0", "0", "0"], ["65630.9", "153", "0", "1"], ["65630.6", "30", "0", "1"], ["65630.3", "1", "0", "1"], ["65629.7", "80", "0", "1"], ["65629.6", "2", "0", "2"], ["65629.5", "14", "0", "3"], ["65629.4", "388", "0", "5"], ["65629.2", "2", "0", "1"], ["65628.9", "18", "0", "2"], ["65628.8", "126", "0", "4"], ["65628.5", "16", "0", "2"], ["65628.1", "4", "0", "1"], ["65627.8", "0", "0", "0"], ["65627", "0", "0", "0"], ["65626.4", "30", "0", "1"], ["65625.9", "0", "0", "0"], ["65625.3", "304", "0", "1"], ["65625", "63", "0", "10"], ["65624.9", "0", "0", "0"], ["65624.7", "20", "0", "1"], ["65624.5", "56", "0", "4"], ["65624.4", "25", "0", "1"], ["65623.8", "254", "0", "2"], ["65623.3", "52", "0", "2"], ["65622.9", "92", "0", "1"], ["65622.2", "22", "0", "2"], ["65622", "8", "0", "1"], ["65621.9", "7", "0", "1"], ["65620.4", "17", "0", "2"], ["65620.3", "0", "0", "0"], ["65619.7", "3", "0", "1"], ["65619.3", "2", "0", "1"], ["65619.1", "22", "0", "2"], ["65618.8", "34", "0", "4"], ["65618.7", "28", "0", "2"], ["65618.4", "6", "0", "2"], ["65618.2", "85", "0", "6"], ["65618.1", "53", "0", "4"], ["65618", "35", "0", "3"], ["65617.6", "21", "0", "2"], ["65617.5", "0", "0", "0"], ["65617.1", "137", "0", "3"], ["65616.7", "59", "0", "4"], ["65616.6", "58", "0", "2"], ["65616.1", "13", "0", "2"], ["65615.6", "479", "0", "2"], ["65615.3", "26", "0", "3"], ["65615.2", "22", "0", "1"], ["65614.5", "45", "0", "2"], ["65614.1", "0", "0", "0"], ["65614", "0", "0", "0"], ["65613.8", "0", "0", "0"], ["65613.5", "0", "0", "0"], ["65613.2", "57", "0", "1"], ["65613.1", "2", "0", "1"], ["65612.7", "1", "0", "1"], ["65612.6", "2", "0", "1"], ["65611.9", "2", "0", "1"], ["65611.6", "25", "0", "3"], ["65611.4", "0", "0", "0"], ["65611.3", "0", "0", "0"], ["65611", "1", "0", "1"], ["65609.6", "0", "0", "0"], ["65609.2", "0", "0", "0"], ["65609", "19", "0", "1"], ["65608.4", "22", "0", "1"], ["65607.9", "2", "0", "1"], ["65606.8", "114", "0", "1"], ["65606.5", "0", "0", "0"], ["65606", "34", "0", "3"], ["65605.1", "19", "0", "1"], ["65604.9", "15", "0", "1"], ["65604.4", "4", "0", "1"], ["65604", "145", "0", "7"], ["65603.3", "81", "0", "2"], ["65602.7", "2", "0", "1"], ["65601.6", "31", "0", "4"], ["65601.5", "495", "0", "11"], ["65599.7", "7", "0", "3"], ["65597.6", "0", "0", "0"], ["65595.3", "0", "0", "0"], ["65594.5", "6", "0", "1"], ["65593.8", "1", "0", "1"], ["65592.9", "0", "0", "0"], ["65592.7", "0", "0", "0"], ["65592.6", "0", "0", "0"], ["65591.8", "0", "0", "0"], ["65591.6", "0", "0", "0"], ["65591.4", "0", "0", "0"], ["65591.3", "0", "0", "0"], ["65591.2", "0", "0", "0"], ["65590.8", "0", "0", "0"], ["65590.5", "0", "0", "0"], ["65590.4", "0", "0", "0"], ["65590.3", "0", "0", "0"], ["65590.2", "0", "0", "0"], ["65590.1", "0", "0", "0"], ["65590", "0", "0", "0"], ["65589.9", "0", "0", "0"], ["65589.8", "0", "0", "0"], ["65589.7", "0", "0", "0"], ["65589.6", "0", "0", "0"], ["65589.5", "0", "0", "0"], ["65589.2", "0", "0", "0"], ["65589", "0", "0", "0"], ["65588.8", "0", "0", "0"], ["65588.4", "0", "0", "0"], ["65588.3", "0", "0", "0"], ["65588", "0", "0", "0"]], "ts": "1712095264902", "checksum": 421830201, "seqId": 122619736156, "prevSeqId": 122619734065}], "_doc": "eb9dd26a-3962-4691-89a5-3396cf427176"}, {"arg": {"channel": "books", "instId": "BTC-USDT-SWAP"}, "action": "update", "data": [{"asks": [["65654.1", "20", "0", "2"], ["65654.9", "0", "0", "0"], ["65655", "0", "0", "0"], ["65656.4", "0", "0", "0"], ["65657.6", "15", "0", "1"], ["65658.7", "0", "0", "0"], ["65659", "7", "0", "2"], ["65661.2", "3", "0", "1"], ["65661.5", "0", "0", "0"], ["65663.3", "13", "0", "1"], ["65663.8", "0", "0", "0"], ["65665", "8", "0", "1"], ["65665.8", "46", "0", "1"], ["65665.9", "7", "0", "2"], ["65666.2", "5", "0", "2"], ["65666.8", "68", "0", "2"], ["65666.9", "72", "0", "2"], ["65667.5", "9", "0", "3"], ["65668.8", "76", "0", "1"], ["65668.9", "30", "0", "1"], ["65669.4", "0", "0", "0"], ["65669.7", "1", "0", "1"], ["65669.8", "1", "0", "1"], ["65671.3", "0", "0", "0"], ["65671.4", "12", "0", "3"], ["65672.2", "11", "0", "1"], ["65673.3", "2", "0", "1"], ["65673.5", "11", "0", "2"], ["65673.6", "25", "0", "2"], ["65674.1", "5", "0", "2"], ["65674.4", "57", "0", "1"], ["65674.7", "11", "0", "2"], ["65674.8", "0", "0", "0"], ["65675", "79", "0", "5"], ["65675.2", "92", "0", "1"], ["65676.2", "7", "0", "1"], ["65676.3", "12", "0", "3"], ["65676.6", "1", "0", "1"], ["65676.7", "0", "0", "0"], ["65677.3", "4", "0", "1"], ["65677.8", "118", "0", "4"], ["65677.9", "10", "0", "1"], ["65678.2", "0", "0", "0"], ["65678.6", "12", "0", "2"], ["65678.7", "0", "0", "0"], ["65678.9", "15", "0", "1"], ["65679.4", "92", "0", "1"], ["65679.7", "253", "0", "1"], ["65679.8", "0", "0", "0"], ["65680.2", "1", "0", "1"], ["65680.8", "22", "0", "3"], ["65681.1", "0", "0", "0"], ["65681.2", "185", "0", "2"], ["65681.4", "90", "0", "4"], ["65682.2", "350", "0", "1"], ["65682.6", "0", "0", "0"], ["65682.8", "27", "0", "2"], ["65683.1", "95", "0", "3"], ["65683.5", "57", "0", "3"], ["65685", "53", "0", "2"], ["65686", "0", "0", "0"], ["65686.9", "151", "0", "1"], ["65688.5", "1000", "0", "1"], ["65689.8", "100", "0", "3"], ["65690.5", "6", "0", "2"], ["65691", "142", "0", "4"], ["65692.5", "0", "0", "0"], ["65694", "20", "0", "1"], ["65696", "461", "0", "2"], ["65698.2", "1", "0", "1"], ["65698.4", "30", "0", "1"], ["65699", "5", "0", "2"], ["65700", "57", "0", "4"], ["65700.1", "0", "0", "0"], ["65701", "2", "0", "1"], ["65701.4", "1", "0", "1"], ["65701.5", "8", "0", "3"], ["65701.9", "59", "0", "2"], ["65702", "0", "0", "0"], ["65702.2", "2024", "0", "1"], ["65703.1", "1503", "0", "2"], ["65706.6", "326", "0", "12"], ["65707.8", "11", "0", "1"], ["65715.8", "7", "0", "2"], ["65721.4", "532", "0", "2"], ["65722.3", "14", "0", "1"], ["65724.8", "33", "0", "3"], ["65725.8", "11", "0", "1"], ["65725.9", "1", "0", "1"], ["65726", "3", "0", "1"]], "bids": [["65654", "390", "0", "15"], ["65653.9", "0", "0", "0"], ["65653.7", "15", "0", "1"], ["65653.1", "0", "0", "0"], ["65652.7", "0", "0", "0"], ["65652.5", "0", "0", "0"], ["65652.1", "62", "0", "1"], ["65651.9", "10", "0", "1"], ["65651.8", "14", "0", "1"], ["65651.7", "37", "0", "5"], ["65651", "6", "0", "1"], ["65650.9", "45", "0", "3"], ["65647.9", "1", "0", "1"], ["65646.8", "55", "0", "2"], ["65645.2", "38", "0", "2"], ["65644.7", "75", "0", "3"], ["65644.6", "28", "0", "2"], ["65644.5", "0", "0", "0"], ["65643.9", "112", "0", "3"], ["65643.1", "46", "0", "2"], ["65642.7", "2", "0", "1"], ["65642.5", "0", "0", "0"], ["65642.4", "36", "0", "3"], ["65642.1", "19", "0", "3"], ["65641.8", "27", "0", "2"], ["65641.6", "0", "0", "0"], ["65641", "102", "0", "3"], ["65640", "27", "0", "2"], ["65639.7", "108", "0", "2"], ["65639.1", "18", "0", "2"], ["65638.8", "22", "0", "1"], ["65638.7", "0", "0", "0"], ["65638.3", "20", "0", "1"], ["65637.7", "0", "0", "0"], ["65637.6", "0", "0", "0"], ["65637.4", "2", "0", "1"], ["65636.8", "4", "0", "2"], ["65636.2", "0", "0", "0"], ["65636.1", "0", "0", "0"], ["65635", "113", "0", "2"], ["65634.7", "2", "0", "1"], ["65634.1", "66", "0", "2"], ["65632.8", "1", "0", "1"], ["65632.5", "7", "0", "1"], ["65631.9", "15", "0", "1"], ["65631.3", "1", "0", "1"], ["65630.6", "0", "0", "0"], ["65630.4", "16", "0", "2"], ["65629.2", "0", "0", "0"], ["65628.7", "30", "0", "1"], ["65628.5", "9", "0", "2"], ["65628.1", "11", "0", "3"], ["65627.8", "14", "0", "1"], ["65627", "94", "0", "3"], ["65626.8", "162", "0", "3"], ["65626.6", "44", "0", "1"], ["65626.3", "15", "0", "1"], ["65625.8", "27", "0", "2"], ["65625.3", "0", "0", "0"], ["65625.2", "3", "0", "1"], ["65624.4", "0", "0", "0"], ["65623.7", "6", "0", "1"], ["65623.6", "38", "0", "3"], ["65623.5", "7", "0", "1"], ["65621.9", "99", "0", "2"], ["65621.4", "29", "0", "3"], ["65620.8", "0", "0", "0"], ["65620.4", "255", "0", "2"], ["65620.1", "44", "0", "1"], ["65619.7", "0", "0", "0"], ["65618.9", "22", "0", "1"], ["65618.3", "0", "0", "0"], ["65617.9", "23", "0", "5"], ["65617.7", "0", "0", "0"], ["65617.1", "7", "0", "1"], ["65616.2", "35", "0", "1"], ["65615.3", "154", "0", "4"], ["65614.7", "152", "0", "1"], ["65614.1", "14", "0", "3"], ["65614", "1004", "0", "2"], ["65613.6", "0", "0", "0"], ["65613.1", "1500", "0", "1"], ["65612.7", "9", "0", "2"], ["65612.3", "63", "0", "3"], ["65611.8", "4", "0", "1"], ["65609.4", "30", "0", "2"], ["65608.9", "2", "0", "1"], ["65608.4", "136", "0", "2"], ["65606.4", "79", "0", "3"], ["65606.1", "19", "0", "1"], ["65603.3", "256", "0", "3"], ["65603.2", "0", "0", "0"], ["65601.5", "320", "0", "10"], ["65601.4", "58", "0", "2"], ["65597.6", "19", "0", "1"], ["65596", "0", "0", "0"], ["65595.3", "6", "0", "1"], ["65594.9", "18", "0", "2"], ["65593.5", "15", "0", "1"], ["65591.6", "10", "0", "2"], ["65590.8", "41", "0", "4"], ["65589", "19", "0", "1"], ["65588.8", "34", "0", "1"], ["65588.4", "32", "0", "2"], ["65588.3", "18", "0", "2"], ["65588", "27", "0", "1"]], "ts": "1712095264802", "checksum": 1088347570, "seqId": 122619734065, "prevSeqId": 122619733113}], "_doc": "b17fdab1-0833-432c-9981-30e43b2a4709"}, {"arg": {"channel": "books", "instId": "BTC-USDT-SWAP"}, "action": "update", "data": [{"asks": [["65651.8", "0", "0", "0"], ["65651.9", "0", "0", "0"], ["65652", "0", "0", "0"], ["65652.6", "0", "0", "0"], ["65653.2", "0", "0", "0"], ["65653.8", "0", "0", "0"], ["65654.1", "182", "0", "4"], ["65654.2", "0", "0", "0"], ["65654.8", "0", "0", "0"], ["65654.9", "24", "0", "1"], ["65655.8", "0", "0", "0"], ["65658.9", "0", "0", "0"], ["65660", "7", "0", "1"], ["65660.7", "0", "0", "0"], ["65661.1", "0", "0", "0"], ["65661.3", "0", "0", "0"], ["65661.7", "0", "0", "0"], ["65663.6", "0", "0", "0"], ["65663.8", "7", "0", "1"], ["65664.1", "0", "0", "0"], ["65665.1", "0", "0", "0"], ["65665.2", "0", "0", "0"], ["65665.4", "0", "0", "0"], ["65665.7", "66", "0", "4"], ["65666.5", "3", "0", "1"], ["65666.6", "4", "0", "1"], ["65666.7", "0", "0", "0"], ["65667.2", "0", "0", "0"], ["65667.6", "76", "0", "2"], ["65668.2", "68", "0", "2"], ["65668.8", "77", "0", "2"], ["65669", "20", "0", "1"], ["65669.1", "0", "0", "0"], ["65669.5", "28", "0", "2"], ["65669.8", "0", "0", "0"], ["65669.9", "22", "0", "2"], ["65670.9", "1", "0", "1"], ["65671.1", "19", "0", "1"], ["65671.3", "3", "0", "1"], ["65672.3", "0", "0", "0"], ["65672.4", "30", "0", "1"], ["65672.9", "18", "0", "2"], ["65673.1", "7", "0", "1"], ["65673.4", "0", "0", "0"], ["65673.5", "10", "0", "2"], ["65674.1", "4", "0", "1"], ["65674.4", "61", "0", "2"], ["65674.7", "103", "0", "3"], ["65674.8", "8", "0", "1"], ["65676.2", "92", "0", "1"], ["65676.3", "7", "0", "2"], ["65676.6", "129", "0", "2"], ["65677.5", "85", "0", "6"], ["65677.6", "0", "0", "0"], ["65678.3", "3", "0", "1"], ["65678.6", "21", "0", "4"], ["65679", "0", "0", "0"], ["65679.9", "30", "0", "1"], ["65680.4", "90", "0", "4"], ["65681.1", "20", "0", "1"], ["65681.3", "153", "0", "1"], ["65682.6", "92", "0", "1"], ["65683.6", "34", "0", "2"], ["65683.8", "4", "0", "2"], ["65684.5", "7", "0", "2"], ["65685.8", "30", "0", "2"], ["65685.9", "38", "0", "3"], ["65686", "457", "0", "1"], ["65686.3", "60", "0", "2"], ["65687.3", "10", "0", "2"], ["65688.9", "10", "0", "2"], ["65690", "4", "0", "2"], ["65692.5", "20", "0", "1"], ["65693.4", "205", "0", "4"], ["65693.5", "33", "0", "4"], ["65696.3", "0", "0", "0"], ["65698.3", "6", "0", "1"], ["65698.4", "1530", "0", "2"], ["65699.1", "13", "0", "4"], ["65701.9", "66", "0", "3"], ["65702.1", "0", "0", "0"], ["65703.6", "4", "0", "1"], ["65704.3", "9", "0", "3"], ["65706.1", "10", "0", "1"], ["65706.2", "35", "0", "2"], ["65706.6", "22", "0", "10"], ["65711.1", "2", "0", "1"], ["65721.3", "4", "0", "3"], ["65722.4", "11", "0", "1"], ["65722.5", "40", "0", "3"], ["65722.8", "1", "0", "1"], ["65722.9", "46", "0", "1"], ["65723.1", "48", "0", "1"], ["65723.3", "62", "0", "2"], ["65723.5", "46", "0", "1"], ["65723.6", "3", "0", "1"], ["65723.7", "5", "0", "1"], ["65724", "11", "0", "1"], ["65724.1", "4", "0", "1"], ["65724.3", "189", "0", "5"], ["65724.4", "46", "0", "1"], ["65724.5", "31", "0", "1"], ["65724.8", "15", "0", "1"], ["65725.1", "46", "0", "1"], ["65725.3", "10", "0", "1"], ["65725.7", "22", "0", "1"]], "bids": [["65654", "403", "0", "16"], ["65653.9", "1", "0", "1"], ["65653.8", "58", "0", "1"], ["65653.7", "20", "0", "2"], ["65653.2", "3", "0", "1"], ["65653.1", "14", "0", "2"], ["65652.7", "1", "0", "1"], ["65652.6", "6", "0", "1"], ["65652.5", "2", "0", "2"], ["65652", "7", "0", "1"], ["65651.9", "17", "0", "4"], ["65651.8", "60", "0", "7"], ["65651.7", "67", "0", "6"], ["65651", "27", "0", "3"], ["65649", "9", "0", "1"], ["65646.3", "36", "0", "1"], ["65646.2", "13", "0", "2"], ["65646", "5", "0", "1"], ["65645.3", "32", "0", "1"], ["65645.1", "39", "0", "3"], ["65644.8", "3", "0", "1"], ["65644.7", "67", "0", "3"], ["65644", "25", "0", "3"], ["65643.9", "50", "0", "2"], ["65643.3", "19", "0", "1"], ["65643", "68", "0", "2"], ["65642.6", "20", "0", "1"], ["65642.3", "22", "0", "1"], ["65642", "22", "0", "2"], ["65641.9", "0", "0", "0"], ["65641.1", "10", "0", "1"], ["65641", "30", "0", "2"], ["65640.9", "0", "0", "0"], ["65640.5", "0", "0", "0"], ["65639.1", "15", "0", "1"], ["65638.9", "112", "0", "2"], ["65638.8", "24", "0", "2"], ["65638.6", "19", "0", "1"], ["65637.7", "2", "0", "1"], ["65637.6", "22", "0", "2"], ["65637.5", "72", "0", "2"], ["65636.6", "0", "0", "0"], ["65636.1", "20", "0", "1"], ["65632.4", "21", "0", "2"], ["65630.6", "1", "0", "1"], ["65629.2", "1", "0", "1"], ["65628.1", "10", "0", "2"], ["65628", "15", "0", "3"], ["65627.8", "15", "0", "2"], ["65627.7", "126", "0", "3"], ["65626.4", "183", "0", "2"], ["65625.9", "1", "0", "1"], ["65625.7", "15", "0", "1"], ["65625.3", "92", "0", "1"], ["65625.2", "4", "0", "2"], ["65624.9", "350", "0", "1"], ["65624.7", "22", "0", "2"], ["65624.6", "1", "0", "1"], ["65624.1", "7", "0", "1"], ["65622.6", "0", "0", "0"], ["65621.6", "0", "0", "0"], ["65620.8", "92", "0", "1"], ["65620.4", "2", "0", "1"], ["65620.2", "0", "0", "0"], ["65618.2", "83", "0", "5"], ["65617.9", "8", "0", "4"], ["65614.7", "0", "0", "0"], ["65614.6", "56", "0", "6"], ["65611.7", "177", "0", "3"], ["65608.4", "22", "0", "1"], ["65607.2", "19", "0", "1"], ["65607.1", "7", "0", "1"], ["65601.5", "16", "0", "8"], ["65598.3", "39", "0", "3"], ["65596", "175", "0", "1"], ["65594.4", "35", "0", "2"], ["65594", "3", "0", "1"], ["65593.1", "0", "0", "0"], ["65592.2", "0", "0", "0"], ["65589", "0", "0", "0"], ["65588.8", "0", "0", "0"], ["65588.4", "0", "0", "0"], ["65588.3", "0", "0", "0"], ["65588", "0", "0", "0"], ["65587.8", "0", "0", "0"], ["65587.7", "0", "0", "0"], ["65587.6", "0", "0", "0"], ["65587.5", "0", "0", "0"], ["65586.9", "0", "0", "0"], ["65586.6", "0", "0", "0"], ["65586.5", "0", "0", "0"], ["65586.4", "0", "0", "0"], ["65586.3", "0", "0", "0"], ["65586", "0", "0", "0"], ["65585.9", "0", "0", "0"], ["65585.8", "0", "0", "0"], ["65585.7", "0", "0", "0"], ["65585.4", "0", "0", "0"]], "ts": "1712095264702", "checksum": -931871649, "seqId": 122619733113, "prevSeqId": 122619732156}], "_doc": "97f7d385-09df-4cbc-b432-149a457451d7"}, {"arg": {"channel": "books", "instId": "BTC-USDT-SWAP"}, "action": "update", "data": [{"asks": [["65665.1", "5", "0", "1"], ["65665.6", "1", "0", "1"], ["65698", "0", "0", "0"], ["65698.2", "2", "0", "2"], ["65700", "56", "0", "3"], ["65701.4", "0", "0", "0"], ["65701.6", "44", "0", "3"], ["65702", "2022", "0", "1"], ["65702.2", "0", "0", "0"], ["65722.3", "17", "0", "2"]], "bids": [["65644.9", "36", "0", "1"], ["65644.8", "37", "0", "2"], ["65644", "7", "0", "1"], ["65642.7", "0", "0", "0"], ["65640.9", "2", "0", "1"], ["65640.5", "19", "0", "3"], ["65639.1", "20", "0", "1"], ["65629.2", "2", "0", "2"], ["65628.8", "34", "0", "3"], ["65585", "0", "0", "0"], ["65584.8", "0", "0", "0"]], "ts": "1712095264602", "checksum": 769003861, "seqId": 122619732156, "prevSeqId": 122619732058}], "_doc": "b72d6c18-4176-46b1-b340-4546e3e99927"}, {"arg": {"channel": "books", "instId": "BTC-USDT-SWAP"}, "action": "update", "data": [{"asks": [["65651.8", "127", "0", "13"], ["65698", "1", "0", "1"], ["65698.1", "0", "0", "0"], ["65698.2", "1", "0", "1"], ["65698.3", "1506", "0", "2"], ["65702.2", "2022", "0", "1"], ["65705.7", "0", "0", "0"]], "bids": [["65644.7", "38", "0", "2"], ["65644.6", "6", "0", "1"], ["65590.4", "1", "0", "1"]], "ts": "1712095264502", "checksum": 1999288925, "seqId": 122619732058, "prevSeqId": 122619731964}], "_doc": "1861ad38-b8c7-4ea8-9f16-775d735603de"}, {"arg": {"channel": "books", "instId": "BTC-USDT-SWAP"}, "action": "update", "data": [{"asks": [["65668.8", "0", "0", "0"], ["65669.7", "2", "0", "2"], ["65671.3", "60", "0", "2"], ["65674.8", "92", "0", "1"], ["65676.2", "0", "0", "0"], ["65698.1", "904", "0", "1"], ["65701.4", "2", "0", "1"], ["65701.6", "42", "0", "2"], ["65702.2", "0", "0", "0"], ["65705.7", "2022", "0", "1"], ["65715.5", "4", "0", "1"], ["65722.3", "0", "0", "0"]], "bids": [["65645.1", "2", "0", "2"], ["65645", "21", "0", "2"], ["65644.8", "39", "0", "3"], ["65644.7", "39", "0", "3"], ["65644.6", "7", "0", "2"], ["65633", "12", "0", "2"], ["65629.2", "1", "0", "1"], ["65628.4", "0", "0", "0"], ["65618.9", "153", "0", "1"], ["65618.1", "55", "0", "5"], ["65584.6", "0", "0", "0"]], "ts": "1712095264402", "checksum": 1748695566, "seqId": 122619731964, "prevSeqId": 122619731910}], "_doc": "78a55c40-6025-4f59-8847-4b5a7664b618"}, {"arg": {"channel": "books", "instId": "BTC-USDT-SWAP"}, "action": "update", "data": [{"asks": [["65665.1", "6", "0", "2"], ["65665.4", "1", "0", "1"], ["65666.3", "0", "0", "0"], ["65668.8", "1", "0", "1"], ["65688.2", "52", "0", "2"], ["65696.9", "34", "0", "3"], ["65702.1", "7", "0", "1"], ["65702.2", "2022", "0", "1"], ["65722.4", "0", "0", "0"], ["65722.5", "0", "0", "0"]], "bids": [["65651.1", "0", "0", "0"], ["65651", "9", "0", "2"], ["65645.1", "3", "0", "3"], ["65645", "22", "0", "3"], ["65644.8", "40", "0", "4"], ["65628.9", "4", "0", "1"], ["65628.8", "35", "0", "4"], ["65608.7", "19", "0", "1"]], "ts": "1712095264302", "checksum": 1197167553, "seqId": 122619731910, "prevSeqId": 122619731770}], "_doc": "762d60d7-ddc7-4a73-a028-b5e647fff7ce"}, {"arg": {"channel": "books", "instId": "BTC-USDT-SWAP"}, "action": "update", "data": [{"asks": [["65651.8", "129", "0", "14"], ["65651.9", "2", "0", "2"], ["65663.3", "1", "0", "1"], ["65663.5", "0", "0", "0"], ["65665.4", "2", "0", "2"], ["65665.6", "0", "0", "0"], ["65666.3", "1", "0", "1"], ["65666.6", "15", "0", "2"], ["65669.9", "29", "0", "3"], ["65673.5", "13", "0", "2"], ["65676.6", "130", "0", "3"], ["65676.7", "253", "0", "1"], ["65676.9", "48", "0", "1"], ["65698.2", "1502", "0", "3"], ["65698.3", "6", "0", "1"], ["65698.4", "30", "0", "1"], ["65701.4", "0", "0", "0"], ["65701.6", "44", "0", "3"], ["65702.2", "0", "0", "0"], ["65707.4", "38", "0", "3"], ["65719", "1", "0", "1"], ["65722.5", "40", "0", "3"]], "bids": [["65642.3", "0", "0", "0"], ["65638.6", "56", "0", "2"], ["65629.2", "0", "0", "0"], ["65628.9", "1", "0", "1"], ["65628.4", "1", "0", "1"], ["65628.2", "0", "0", "0"], ["65624.9", "0", "0", "0"], ["65624.4", "1", "0", "1"], ["65623.7", "0", "0", "0"], ["65623.6", "42", "0", "4"], ["65623.4", "79", "0", "2"], ["65621.4", "37", "0", "4"], ["65618.1", "49", "0", "4"], ["65608.6", "14", "0", "2"], ["65608.4", "1522", "0", "2"], ["65584.8", "3", "0", "1"], ["65584.6", "3", "0", "1"]], "ts": "1712095264202", "checksum": 1218712644, "seqId": 122619731770, "prevSeqId": 122619731600}], "_doc": "33137892-15e7-4989-98c2-12a790f3cb13"}, {"arg": {"channel": "books", "instId": "BTC-USDT-SWAP"}, "action": "update", "data": [{"asks": [["65653.5", "0", "0", "0"], ["65665.4", "1", "0", "1"], ["65665.6", "2", "0", "2"], ["65668.8", "0", "0", "0"], ["65669", "1", "0", "1"], ["65670.4", "22", "0", "1"], ["65670.9", "0", "0", "0"], ["65671.3", "3", "0", "1"], ["65672.3", "92", "0", "1"], ["65672.9", "26", "0", "5"], ["65673.5", "8", "0", "1"], ["65673.6", "31", "0", "3"], ["65673.9", "0", "0", "0"], ["65676.1", "0", "0", "0"], ["65676.2", "92", "0", "1"], ["65676.6", "6", "0", "2"], ["65676.7", "254", "0", "2"], ["65676.9", "176", "0", "2"], ["65677.1", "12", "0", "2"], ["65677.5", "87", "0", "7"], ["65678.3", "95", "0", "2"], ["65678.5", "0", "0", "0"], ["65678.6", "20", "0", "3"], ["65680.7", "0", "0", "0"], ["65688.2", "61", "0", "3"], ["65696.6", "0", "0", "0"], ["65698.2", "1", "0", "1"], ["65698.3", "1", "0", "1"], ["65699", "6", "0", "3"], ["65699.3", "0", "0", "0"], ["65702", "0", "0", "0"], ["65702.1", "0", "0", "0"], ["65702.2", "2022", "0", "1"], ["65713.4", "102", "0", "3"], ["65721.9", "1", "0", "1"], ["65722.2", "44", "0", "1"], ["65722.3", "17", "0", "2"], ["65722.4", "11", "0", "1"]], "bids": [["65651.7", "214", "0", "11"], ["65651.1", "32", "0", "1"], ["65650.1", "0", "0", "0"], ["65640.8", "0", "0", "0"], ["65630.6", "0", "0", "0"], ["65629.2", "1", "0", "1"], ["65629.1", "3", "0", "1"], ["65628.2", "1", "0", "1"], ["65625.9", "0", "0", "0"], ["65625.8", "20", "0", "1"], ["65625.4", "20", "0", "1"], ["65625.3", "1", "0", "1"], ["65624.9", "1", "0", "1"], ["65624.8", "15", "0", "1"], ["65624.6", "2", "0", "2"], ["65623.4", "87", "0", "3"], ["65622.9", "0", "0", "0"], ["65621.6", "92", "0", "1"], ["65619.9", "8", "0", "3"], ["65619.3", "0", "0", "0"], ["65617.9", "100", "0", "5"], ["65617.7", "253", "0", "1"], ["65606.8", "0", "0", "0"], ["65605.5", "18", "0", "2"], ["65604.9", "472", "0", "2"]], "ts": "1712095264102", "checksum": -747066807, "seqId": 122619731600, "prevSeqId": 122619731238}], "_doc": "445b6777-7c03-4a45-91bb-d9e4b01a7d6d"}, {"arg": {"channel": "books", "instId": "BTC-USDT-SWAP"}, "action": "update", "data": [{"asks": [["65651.8", "128", "0", "13"], ["65653.5", "1", "0", "1"], ["65668.8", "1", "0", "1"], ["65670.9", "1", "0", "1"], ["65674.1", "24", "0", "2"], ["65675.3", "1", "0", "1"], ["65698.4", "1536", "0", "3"], ["65698.5", "120", "0", "4"], ["65699.9", "0", "0", "0"], ["65701.4", "2", "0", "1"], ["65701.5", "6", "0", "2"], ["65702", "7", "0", "1"], ["65702.1", "2022", "0", "1"], ["65702.2", "0", "0", "0"], ["65702.3", "7", "0", "1"], ["65703", "156", "0", "3"], ["65721.9", "0", "0", "0"], ["65722.2", "0", "0", "0"], ["65722.3", "0", "0", "0"]], "bids": [["65649.5", "0", "0", "0"], ["65648.9", "4", "0", "1"], ["65644.9", "40", "0", "3"], ["65644.8", "36", "0", "2"], ["65644", "22", "0", "2"], ["65643.2", "0", "0", "0"], ["65643.1", "2", "0", "1"], ["65642.7", "20", "0", "1"], ["65642.6", "0", "0", "0"], ["65641.9", "20", "0", "1"], ["65641.1", "0", "0", "0"], ["65640.5", "0", "0", "0"], ["65630.6", "1", "0", "1"], ["65628.8", "34", "0", "3"], ["65612.8", "103", "0", "5"], ["65608.6", "1514", "0", "3"], ["65585", "13", "0", "1"]], "ts": "1712095264002", "checksum": -836279870, "seqId": 122619731238, "prevSeqId": 122619731108}], "_doc": "2a111c56-262f-4b34-9349-a0202d6ec348"}, {"arg": {"channel": "books", "instId": "BTC-USDT-SWAP"}, "action": "update", "data": [{"asks": [["65661.2", "7", "0", "2"], ["65698.4", "36", "0", "2"], ["65698.5", "1620", "0", "5"], ["65699.8", "0", "0", "0"], ["65699.9", "2022", "0", "1"], ["65703", "163", "0", "4"]], "bids": [["65649.4", "6", "0", "1"], ["65640.5", "20", "0", "1"], ["65637.6", "0", "0", "0"], ["65608.6", "14", "0", "2"]], "ts": "1712095263902", "checksum": 2012579568, "seqId": 122619731108, "prevSeqId": 122619731024}], "_doc": "6c3dc720-6956-48e5-9000-2888850aa17a"}, {"arg": {"channel": "books", "instId": "BTC-USDT-SWAP"}, "action": "update", "data": [{"asks": [["65663.8", "26", "0", "2"], ["65664.2", "57", "0", "1"], ["65698.1", "0", "0", "0"], ["65698.2", "0", "0", "0"], ["65698.3", "2", "0", "2"], ["65698.4", "1536", "0", "3"], ["65699.8", "7", "0", "1"], ["65703", "156", "0", "3"], ["65703.1", "3", "0", "1"], ["65722.3", "17", "0", "2"]], "bids": [["65649.5", "1", "0", "1"], ["65649.4", "7", "0", "2"], ["65646.2", "6", "0", "1"], ["65643.2", "2", "0", "1"], ["65643.1", "6", "0", "3"], ["65642.6", "15", "0", "1"], ["65641.1", "20", "0", "1"], ["65640.6", "0", "0", "0"], ["65640.5", "0", "0", "0"], ["65638.4", "32", "0", "3"], ["65637.6", "20", "0", "1"], ["65629.1", "4", "0", "2"], ["65628.6", "4", "0", "1"], ["65608.6", "1514", "0", "3"], ["65608.3", "19", "0", "1"], ["65590.4", "154", "0", "2"], ["65585", "0", "0", "0"], ["65584.8", "0", "0", "0"], ["65584.6", "0", "0", "0"]], "ts": "1712095263802", "checksum": -698492088, "seqId": 122619731024, "prevSeqId": 122619730921}], "_doc": "7c267d46-e2b5-4834-890e-e049e667ae18"}, {"arg": {"channel": "books", "instId": "BTC-USDT-SWAP"}, "action": "update", "data": [{"asks": [["65654.9", "25", "0", "2"], ["65656.3", "0", "0", "0"], ["65671.7", "15", "0", "1"], ["65672.3", "0", "0", "0"], ["65673.6", "36", "0", "4"], ["65673.9", "92", "0", "1"], ["65675.3", "21", "0", "2"], ["65676.6", "1", "0", "1"], ["65676.7", "4", "0", "1"], ["65678", "0", "0", "0"], ["65678.5", "253", "0", "1"], ["65678.6", "21", "0", "4"], ["65683.1", "3", "0", "2"], ["65683.8", "2", "0", "1"], ["65687.3", "12", "0", "3"], ["65696.6", "20", "0", "1"], ["65698.2", "1506", "0", "2"], ["65698.3", "1", "0", "1"], ["65703.1", "2000", "0", "2"], ["65720.4", "11", "0", "2"], ["65722.3", "0", "0", "0"]], "bids": [["65650.1", "11", "0", "1"], ["65649.1", "0", "0", "0"], ["65649", "0", "0", "0"], ["65648.5", "0", "0", "0"], ["65644.1", "0", "0", "0"], ["65643.1", "2", "0", "1"], ["65641.7", "0", "0", "0"], ["65640.5", "6", "0", "3"], ["65639.4", "44", "0", "2"], ["65637.6", "40", "0", "2"], ["65637.2", "16", "0", "1"], ["65633.9", "0", "0", "0"], ["65628", "16", "0", "4"], ["65627.8", "14", "0", "1"], ["65619.9", "100", "0", "4"], ["65619.3", "253", "0", "1"], ["65618.9", "0", "0", "0"], ["65618.2", "84", "0", "5"], ["65617.8", "31", "0", "2"], ["65617.7", "0", "0", "0"], ["65612.6", "7", "0", "3"], ["65608.5", "0", "0", "0"], ["65608.3", "1519", "0", "2"], ["65606.9", "173", "0", "3"], ["65588.1", "0", "0", "0"], ["65585.7", "51", "0", "2"], ["65585.4", "1", "0", "1"], ["65585", "13", "0", "1"], ["65584.8", "3", "0", "1"], ["65584.6", "3", "0", "1"]], "ts": "1712095263702", "checksum": 1748516883, "seqId": 122619730921, "prevSeqId": 122619730759}], "_doc": "d70ff78d-cc58-43a8-b1bb-7b5601b578c6"}, {"arg": {"channel": "books", "instId": "BTC-USDT-SWAP"}, "action": "update", "data": [{"asks": [["65651.8", "126", "0", "12"], ["65651.9", "1", "0", "1"], ["65663.6", "20", "0", "1"], ["65665.2", "27", "0", "2"], ["65666.6", "4", "0", "1"], ["65668.8", "2", "0", "2"], ["65669", "0", "0", "0"], ["65670.4", "23", "0", "2"], ["65673.1", "14", "0", "2"], ["65674.5", "8", "0", "2"], ["65675.1", "0", "0", "0"], ["65676.7", "257", "0", "2"], ["65677.1", "20", "0", "3"], ["65687.3", "22", "0", "4"], ["65698.2", "6", "0", "1"], ["65698.3", "1501", "0", "2"], ["65701", "0", "0", "0"], ["65702.1", "0", "0", "0"], ["65702.3", "9", "0", "2"], ["65703", "163", "0", "4"], ["65713.6", "10", "0", "1"], ["65713.9", "17", "0", "2"], ["65721.9", "1", "0", "1"], ["65722.2", "44", "0", "1"], ["65722.3", "17", "0", "2"]], "bids": [["65649.1", "1", "0", "1"], ["65649", "1", "0", "1"], ["65641.7", "20", "0", "1"], ["65640.5", "0", "0", "0"], ["65635.1", "15", "0", "1"], ["65633.5", "26", "0", "2"], ["65625.8", "21", "0", "2"], ["65624.4", "0", "0", "0"], ["65608.5", "1500", "0", "1"], ["65608.4", "22", "0", "1"], ["65587.8", "14", "0", "3"], ["65585.7", "0", "0", "0"], ["65585.4", "0", "0", "0"], ["65585", "0", "0", "0"]], "ts": "1712095263602", "checksum": -537614556, "seqId": 122619730759, "prevSeqId": 122619730597}], "_doc": "df2b3b7b-e23a-4213-9d25-810818450628"}, {"arg": {"channel": "books", "instId": "BTC-USDT-SWAP"}, "action": "update", "data": [{"asks": [["65651.8", "127", "0", "13"], ["65651.9", "2", "0", "2"], ["65656.3", "25", "0", "2"], ["65668.8", "3", "0", "3"], ["65669", "2", "0", "1"], ["65669.2", "0", "0", "0"], ["65670.2", "1", "0", "1"], ["65672.3", "92", "0", "1"], ["65672.8", "1", "0", "1"], ["65673", "0", "0", "0"], ["65673.6", "31", "0", "3"], ["65678.6", "20", "0", "3"], ["65683.1", "4", "0", "3"], ["65686", "463", "0", "4"], ["65688.7", "304", "0", "1"], ["65696.5", "4", "0", "3"], ["65697.8", "0", "0", "0"], ["65698.1", "1", "0", "1"], ["65698.2", "1506", "0", "2"], ["65698.3", "1", "0", "1"], ["65698.4", "30", "0", "1"], ["65698.5", "120", "0", "4"], ["65699", "5", "0", "2"], ["65700.6", "0", "0", "0"], ["65703", "156", "0", "3"], ["65715.7", "0", "0", "0"], ["65716", "10", "0", "1"], ["65721.9", "0", "0", "0"]], "bids": [["65646.9", "0", "0", "0"], ["65628.9", "0", "0", "0"], ["65628.8", "35", "0", "4"], ["65628.1", "20", "0", "3"], ["65626.2", "0", "0", "0"], ["65624.4", "1", "0", "1"], ["65621.9", "7", "0", "1"], ["65619.9", "8", "0", "3"], ["65617.8", "123", "0", "3"], ["65612.7", "1", "0", "1"], ["65608.4", "1522", "0", "2"], ["65608", "0", "0", "0"], ["65587.8", "4", "0", "2"], ["65585.4", "1", "0", "1"], ["65585", "13", "0", "1"]], "ts": "1712095263502", "checksum": 861504677, "seqId": 122619730597, "prevSeqId": 122619730458}], "_doc": "359d15dd-12c8-4494-ae49-009b5a8df990"}, {"arg": {"channel": "books", "instId": "BTC-USDT-SWAP"}, "action": "update", "data": [{"asks": [["65651.8", "126", "0", "12"], ["65654", "0", "0", "0"], ["65654.2", "6", "0", "1"], ["65658", "3", "0", "1"], ["65668.8", "1", "0", "1"], ["65669.2", "1", "0", "1"], ["65670.3", "18", "0", "2"], ["65671.3", "5", "0", "2"], ["65671.7", "75", "0", "2"], ["65672.3", "0", "0", "0"], ["65673.9", "20", "0", "1"], ["65676", "0", "0", "0"], ["65676.6", "6", "0", "2"], ["65676.7", "253", "0", "1"], ["65677.3", "19", "0", "2"], ["65679", "153", "0", "1"], ["65680.7", "92", "0", "1"], ["65681.8", "0", "0", "0"], ["65696.5", "2001", "0", "4"], ["65697.8", "1500", "0", "1"], ["65698", "0", "0", "0"], ["65698.3", "284", "0", "2"], ["65701.5", "4", "0", "1"], ["65701.6", "42", "0", "2"], ["65702.1", "2", "0", "1"], ["65702.2", "2", "0", "1"], ["65703.1", "3", "0", "1"], ["65721.9", "1", "0", "1"], ["65722.2", "0", "0", "0"], ["65722.3", "0", "0", "0"], ["65722.4", "0", "0", "0"], ["65722.5", "0", "0", "0"]], "bids": [["65651.7", "218", "0", "12"], ["65651.6", "3", "0", "1"], ["65647.5", "0", "0", "0"], ["65644.7", "38", "0", "2"], ["65644.1", "2", "0", "1"], ["65643.1", "6", "0", "3"], ["65641.9", "0", "0", "0"], ["65639.4", "64", "0", "3"], ["65631.3", "0", "0", "0"], ["65628.9", "1", "0", "1"], ["65628.1", "16", "0", "2"], ["65627.8", "15", "0", "2"], ["65625.9", "1", "0", "1"], ["65624.6", "1", "0", "1"], ["65622.9", "92", "0", "1"], ["65619.3", "0", "0", "0"], ["65618.9", "156", "0", "1"], ["65617.7", "253", "0", "1"], ["65616.7", "51", "0", "3"], ["65608.2", "3", "0", "1"], ["65608", "1500", "0", "1"], ["65585.4", "0", "0", "0"], ["65585", "0", "0", "0"], ["65584.8", "0", "0", "0"]], "ts": "1712095263402", "checksum": -937516273, "seqId": 122619730458, "prevSeqId": 122619730224}], "_doc": "a55b9a5d-d39e-4dc3-b603-f46ac0000bf1"}, {"arg": {"channel": "books", "instId": "BTC-USDT-SWAP"}, "action": "update", "data": [{"asks": [["65651.8", "177", "0", "9"], ["65651.9", "1", "0", "1"], ["65657.4", "6", "0", "1"], ["65658.7", "13", "0", "1"], ["65659.5", "0", "0", "0"], ["65666.6", "24", "0", "2"], ["65668.8", "0", "0", "0"], ["65669.9", "22", "0", "2"], ["65670.3", "19", "0", "3"], ["65672.3", "1", "0", "1"], ["65676", "20", "0", "1"], ["65676.1", "92", "0", "1"], ["65676.6", "1", "0", "1"], ["65677.3", "9", "0", "2"], ["65677.6", "2", "0", "1"], ["65678.6", "21", "0", "4"], ["65679", "406", "0", "2"], ["65679.8", "195", "0", "3"], ["65683.1", "3", "0", "2"], ["65683.3", "172", "0", "6"], ["65688.1", "0", "0", "0"], ["65698", "1500", "0", "1"], ["65698.5", "126", "0", "5"], ["65701", "18", "0", "1"], ["65701.5", "6", "0", "2"], ["65701.6", "44", "0", "3"], ["65702.1", "0", "0", "0"], ["65702.2", "0", "0", "0"], ["65703.1", "2000", "0", "2"], ["65709.4", "135", "0", "7"], ["65722.8", "0", "0", "0"]], "bids": [["65651.7", "215", "0", "12"], ["65651.6", "4", "0", "2"], ["65646.8", "3", "0", "1"], ["65644.5", "67", "0", "2"], ["65643.9", "30", "0", "1"], ["65641.6", "62", "0", "1"], ["65640.6", "15", "0", "1"], ["65639.3", "0", "0", "0"], ["65638.7", "72", "0", "1"], ["65636.4", "0", "0", "0"], ["65633.5", "11", "0", "1"], ["65632", "22", "0", "2"], ["65631.3", "1", "0", "1"], ["65629.6", "0", "0", "0"], ["65628.1", "17", "0", "3"], ["65626.8", "207", "0", "4"], ["65626.2", "1", "0", "1"], ["65625.4", "24", "0", "2"], ["65623.7", "8", "0", "1"], ["65621.9", "8", "0", "2"], ["65621.4", "29", "0", "3"], ["65621.3", "1", "0", "1"], ["65619.3", "253", "0", "1"], ["65618.7", "20", "0", "1"], ["65613.9", "13", "0", "2"], ["65613.6", "45", "0", "1"], ["65608.7", "0", "0", "0"], ["65608.2", "1503", "0", "2"], ["65607.2", "171", "0", "2"], ["65586.9", "32", "0", "2"], ["65584.6", "0", "0", "0"], ["65584.5", "0", "0", "0"], ["65584.4", "0", "0", "0"]], "ts": "1712095263302", "checksum": 1930737262, "seqId": 122619730224, "prevSeqId": 122619730003}], "_doc": "0642c4e0-79ed-41c1-865c-8b2b0c623768"}, {"arg": {"channel": "books", "instId": "BTC-USDT-SWAP"}, "action": "update", "data": [{"asks": [["65651.8", "174", "0", "8"], ["65651.9", "2", "0", "2"], ["65654", "1", "0", "1"], ["65655.4", "0", "0", "0"], ["65659.5", "13", "0", "1"], ["65659.9", "0", "0", "0"], ["65666.5", "79", "0", "2"], ["65667.3", "0", "0", "0"], ["65668.8", "21", "0", "2"], ["65670.9", "0", "0", "0"], ["65675", "76", "0", "4"], ["65677.3", "29", "0", "3"], ["65678.5", "0", "0", "0"], ["65679", "153", "0", "1"], ["65679.4", "0", "0", "0"], ["65679.8", "151", "0", "1"], ["65681.3", "0", "0", "0"], ["65681.8", "92", "0", "1"], ["65683.1", "4", "0", "3"], ["65688.1", "9", "0", "1"], ["65688.2", "52", "0", "2"], ["65696.4", "31", "0", "2"], ["65696.5", "4", "0", "3"], ["65697.4", "26", "0", "2"], ["65697.5", "0", "0", "0"], ["65698.4", "31", "0", "2"], ["65698.5", "1626", "0", "6"], ["65703", "163", "0", "4"], ["65704.3", "15", "0", "5"], ["65709.4", "91", "0", "5"], ["65710.1", "69", "0", "5"], ["65712.3", "1", "0", "1"], ["65712.9", "10", "0", "1"], ["65714.9", "90", "0", "3"], ["65722.5", "40", "0", "3"], ["65722.8", "1", "0", "1"]], "bids": [["65651.7", "214", "0", "11"], ["65646.8", "4", "0", "2"], ["65644.7", "22", "0", "1"], ["65644.5", "15", "0", "1"], ["65643.9", "45", "0", "2"], ["65642.6", "0", "0", "0"], ["65641.7", "0", "0", "0"], ["65641.6", "0", "0", "0"], ["65639.3", "52", "0", "1"], ["65638.7", "0", "0", "0"], ["65638.6", "63", "0", "3"], ["65636.4", "62", "0", "1"], ["65633.5", "83", "0", "2"], ["65624.6", "93", "0", "2"], ["65624.4", "0", "0", "0"], ["65620.4", "0", "0", "0"], ["65618.8", "38", "0", "5"], ["65617.9", "8", "0", "4"], ["65608.7", "1500", "0", "1"], ["65607.7", "64", "0", "3"], ["65600.6", "4", "0", "1"], ["65600.5", "4", "0", "1"], ["65584.6", "3", "0", "1"], ["65584.4", "31", "0", "2"]], "ts": "1712095263202", "checksum": -435811450, "seqId": 122619730003, "prevSeqId": 122619729570}], "_doc": "a6da038e-1c81-4b9f-a74b-f36abc225ea1"}, {"arg": {"channel": "books", "instId": "BTC-USDT-SWAP"}, "action": "update", "data": [{"asks": [["65651.8", "162", "0", "7"], ["65651.9", "1", "0", "1"], ["65659", "22", "0", "3"], ["65659.6", "3", "0", "1"], ["65665.2", "7", "0", "1"], ["65670.9", "20", "0", "1"], ["65672.3", "0", "0", "0"], ["65675.8", "15", "0", "1"], ["65676.1", "107", "0", "2"], ["65678.5", "20", "0", "1"], ["65696.4", "38", "0", "3"], ["65696.5", "2001", "0", "4"], ["65697.4", "27", "0", "3"], ["65697.5", "1506", "0", "2"], ["65697.6", "163", "0", "2"], ["65722.5", "0", "0", "0"], ["65722.8", "0", "0", "0"]], "bids": [["65651.7", "175", "0", "8"], ["65646.9", "1", "0", "1"], ["65643.1", "8", "0", "4"], ["65642.6", "7", "0", "1"], ["65641.7", "15", "0", "1"], ["65641.6", "64", "0", "1"], ["65641.5", "1", "0", "1"], ["65630.5", "57", "0", "3"], ["65620.1", "54", "0", "2"], ["65599.6", "0", "0", "0"], ["65584.6", "6", "0", "2"]], "ts": "1712095263102", "checksum": -624204097, "seqId": 122619729570, "prevSeqId": 122619728921}], "_doc": "fa79b829-746b-42fb-bdcf-ac43e38a375c"}, {"arg": {"channel": "books", "instId": "BTC-USDT-SWAP"}, "action": "update", "data": [{"asks": [["65651.8", "165", "0", "9"], ["65651.9", "2", "0", "2"], ["65654.1", "18", "0", "1"], ["65659.9", "13", "0", "1"], ["65660.4", "0", "0", "0"], ["65660.5", "67", "0", "2"], ["65660.8", "103", "0", "3"], ["65666.3", "0", "0", "0"], ["65668.8", "1", "0", "1"], ["65671.8", "15", "0", "1"], ["65673.6", "25", "0", "2"], ["65675.8", "30", "0", "2"], ["65676", "0", "0", "0"], ["65677.3", "9", "0", "2"], ["65679.4", "1", "0", "1"], ["65681.3", "92", "0", "1"], ["65697.5", "1", "0", "1"], ["65697.6", "1669", "0", "4"], ["65722.9", "0", "0", "0"]], "bids": [["65651.7", "152", "0", "6"], ["65646.9", "0", "0", "0"], ["65645.1", "2", "0", "2"], ["65644.9", "36", "0", "1"], ["65640.7", "0", "0", "0"], ["65635.2", "0", "0", "0"], ["65629", "35", "0", "2"], ["65627", "0", "0", "0"], ["65626.2", "2", "0", "2"], ["65624.4", "92", "0", "1"], ["65622.9", "0", "0", "0"], ["65617.5", "8", "0", "1"], ["65585.8", "24", "0", "4"], ["65585", "13", "0", "1"], ["65584.8", "3", "0", "1"], ["65584.6", "3", "0", "1"], ["65584.5", "151", "0", "1"]], "ts": "1712095263002", "checksum": -706651101, "seqId": 122619728921, "prevSeqId": 122619728296}], "_doc": "05444e27-e807-4762-a43a-98ba42c447f5"}, {"arg": {"channel": "books", "instId": "BTC-USDT-SWAP"}, "action": "update", "data": [{"asks": [["65654.2", "30", "0", "2"], ["65654.7", "0", "0", "0"], ["65655.6", "0", "0", "0"], ["65658.7", "0", "0", "0"], ["65659", "16", "0", "2"], ["65660.4", "13", "0", "1"], ["65663.4", "46", "0", "1"], ["65663.7", "42", "0", "1"], ["65664.8", "0", "0", "0"], ["65665", "0", "0", "0"], ["65665.2", "27", "0", "2"], ["65665.4", "0", "0", "0"], ["65665.6", "1", "0", "1"], ["65666.3", "1", "0", "1"], ["65666.5", "3", "0", "1"], ["65667.3", "76", "0", "1"], ["65668.7", "0", "0", "0"], ["65668.8", "0", "0", "0"], ["65668.9", "40", "0", "2"], ["65669", "0", "0", "0"], ["65669.9", "23", "0", "3"], ["65670.2", "2", "0", "2"], ["65671.2", "0", "0", "0"], ["65672.8", "7", "0", "2"], ["65673", "92", "0", "1"], ["65673.6", "30", "0", "3"], ["65673.8", "79", "0", "1"], ["65674.7", "11", "0", "2"], ["65675.2", "0", "0", "0"], ["65676.1", "92", "0", "1"], ["65676.2", "0", "0", "0"], ["65676.3", "14", "0", "3"], ["65677.5", "215", "0", "8"], ["65677.6", "255", "0", "2"], ["65677.7", "45", "0", "1"], ["65678.6", "20", "0", "3"], ["65679", "0", "0", "0"], ["65679.4", "93", "0", "2"], ["65679.8", "348", "0", "4"], ["65687.7", "26", "0", "5"], ["65697.3", "0", "0", "0"], ["65697.5", "1501", "0", "2"], ["65697.7", "49", "0", "3"], ["65722.2", "44", "0", "1"], ["65722.3", "17", "0", "2"], ["65722.4", "11", "0", "1"], ["65722.5", "40", "0", "3"], ["65722.8", "1", "0", "1"], ["65722.9", "46", "0", "1"]], "bids": [["65646.9", "1", "0", "1"], ["65642.4", "76", "0", "4"], ["65640.5", "20", "0", "1"], ["65639.7", "115", "0", "3"], ["65639.6", "151", "0", "1"], ["65639.5", "0", "0", "0"], ["65638.6", "74", "0", "4"], ["65634.6", "151", "0", "1"], ["65632.1", "18", "0", "2"], ["65629.6", "1", "0", "1"], ["65628.7", "15", "0", "1"], ["65628.4", "0", "0", "0"], ["65627.8", "17", "0", "3"], ["65627.5", "15", "0", "1"], ["65627", "1", "0", "1"], ["65626.9", "20", "0", "1"], ["65626.2", "1", "0", "1"], ["65625.1", "4", "0", "1"], ["65624.8", "16", "0", "2"], ["65624.6", "1", "0", "1"], ["65624.2", "0", "0", "0"], ["65622.9", "92", "0", "1"], ["65621.2", "7", "0", "1"], ["65619.9", "100", "0", "4"], ["65618.7", "273", "0", "2"], ["65618.4", "3", "0", "1"], ["65617.3", "0", "0", "0"], ["65616.2", "50", "0", "2"], ["65612.8", "105", "0", "7"], ["65611.8", "142", "0", "4"], ["65610.5", "0", "0", "0"], ["65607.7", "1564", "0", "4"], ["65607.5", "0", "0", "0"], ["65603.8", "62", "0", "3"], ["65585", "0", "0", "0"], ["65584.8", "0", "0", "0"], ["65584.6", "0", "0", "0"]], "ts": "1712095262902", "checksum": 728117179, "seqId": 122619728296, "prevSeqId": 122619727678}], "_doc": "09c95dd8-c603-4d8f-a363-65ecd2d57b75"}, {"arg": {"channel": "books", "instId": "BTC-USDT-SWAP"}, "action": "update", "data": [{"asks": [["65651.8", "164", "0", "8"], ["65651.9", "1", "0", "1"], ["65660.6", "6", "0", "1"], ["65665.2", "7", "0", "1"], ["65666.3", "0", "0", "0"], ["65668.7", "1", "0", "1"], ["65668.8", "1", "0", "1"], ["65671.1", "0", "0", "0"], ["65672.3", "20", "0", "1"], ["65676.1", "0", "0", "0"], ["65678.6", "21", "0", "4"], ["65679.8", "195", "0", "3"], ["65684.5", "15", "0", "3"], ["65688.5", "0", "0", "0"], ["65700.1", "12", "0", "1"], ["65701.9", "59", "0", "2"], ["65702", "0", "0", "0"], ["65702.1", "2", "0", "1"], ["65702.2", "2", "0", "1"], ["65703.8", "0", "0", "0"], ["65709.3", "10", "0", "1"], ["65711.7", "1", "0", "1"], ["65722.2", "0", "0", "0"]], "bids": [["65645.1", "1", "0", "1"], ["65645", "21", "0", "2"], ["65644.9", "37", "0", "2"], ["65641.9", "20", "0", "1"], ["65641.7", "17", "0", "2"], ["65641.6", "66", "0", "2"], ["65641.5", "3", "0", "2"], ["65640.7", "62", "0", "1"], ["65640.2", "1", "0", "1"], ["65640.1", "0", "0", "0"], ["65639.6", "0", "0", "0"], ["65639.4", "44", "0", "2"], ["65639.1", "0", "0", "0"], ["65638", "0", "0", "0"], ["65637.2", "0", "0", "0"], ["65635.2", "62", "0", "1"], ["65631", "8", "0", "2"], ["65629.1", "1", "0", "1"], ["65628.4", "1", "0", "1"], ["65626", "15", "0", "1"], ["65624.6", "2", "0", "2"], ["65624.4", "0", "0", "0"], ["65589", "23", "0", "2"], ["65584.5", "0", "0", "0"]], "ts": "1712095262802", "checksum": -226645461, "seqId": 122619727678, "prevSeqId": 122619727076}], "_doc": "5e462ea3-0be7-4ac3-89b0-1e56c03cb524"}, {"arg": {"channel": "books", "instId": "BTC-USDT-SWAP"}, "action": "update", "data": [{"asks": [["65651.8", "231", "0", "10"], ["65651.9", "2", "0", "2"], ["65653.7", "0", "0", "0"], ["65655", "15", "0", "1"], ["65659.9", "0", "0", "0"], ["65662.7", "0", "0", "0"], ["65663.5", "1", "0", "1"], ["65663.7", "62", "0", "2"], ["65664", "7", "0", "1"], ["65664.8", "1", "0", "1"], ["65665", "1", "0", "1"], ["65665.2", "8", "0", "2"], ["65666.3", "1", "0", "1"], ["65671.1", "20", "0", "1"], ["65673.2", "0", "0", "0"], ["65676.1", "1", "0", "1"], ["65678.6", "20", "0", "3"], ["65697.1", "0", "0", "0"], ["65697.3", "1500", "0", "1"], ["65697.4", "26", "0", "2"], ["65697.5", "1", "0", "1"], ["65697.6", "169", "0", "3"], ["65700.9", "22", "0", "2"], ["65701.2", "3", "0", "1"], ["65701.9", "61", "0", "3"], ["65702", "2", "0", "1"], ["65702.6", "22", "0", "1"], ["65702.7", "0", "0", "0"], ["65703.8", "6", "0", "1"], ["65722.3", "0", "0", "0"], ["65722.4", "0", "0", "0"], ["65722.5", "0", "0", "0"]], "bids": [["65645", "1", "0", "1"], ["65644.9", "1", "0", "1"], ["65642.6", "8", "0", "2"], ["65642.5", "51", "0", "1"], ["65640.7", "0", "0", "0"], ["65640.2", "3", "0", "2"], ["65640.1", "20", "0", "1"], ["65639.6", "2", "0", "1"], ["65639.1", "2", "0", "1"], ["65639", "15", "0", "1"], ["65638.8", "59", "0", "2"], ["65638.6", "94", "0", "5"], ["65638.5", "15", "0", "1"], ["65637.6", "0", "0", "0"], ["65636.9", "11", "0", "1"], ["65636.3", "1", "0", "1"], ["65635.9", "0", "0", "0"], ["65635.2", "0", "0", "0"], ["65630", "0", "0", "0"], ["65628.4", "2", "0", "2"], ["65628", "15", "0", "3"], ["65626.9", "21", "0", "2"], ["65625.2", "3", "0", "1"], ["65625.1", "5", "0", "2"], ["65624.5", "48", "0", "3"], ["65624.4", "1", "0", "1"], ["65624.2", "1", "0", "1"], ["65623.2", "20", "0", "1"], ["65620.2", "4", "0", "2"], ["65617.2", "1", "0", "1"], ["65617.1", "15", "0", "2"], ["65614.1", "4", "0", "1"], ["65614", "80", "0", "2"], ["65613.8", "4", "0", "1"], ["65611.8", "14", "0", "3"], ["65610.5", "129", "0", "1"], ["65607.5", "1500", "0", "1"], ["65607.3", "8", "0", "2"], ["65605.9", "0", "0", "0"], ["65601.4", "172", "0", "3"], ["65600.6", "0", "0", "0"], ["65597.8", "4", "0", "1"], ["65596", "204", "0", "3"], ["65584.4", "0", "0", "0"], ["65584.3", "0", "0", "0"], ["65584.2", "0", "0", "0"], ["65583.9", "0", "0", "0"], ["65583.8", "0", "0", "0"]], "ts": "1712095262702", "checksum": -522866195, "seqId": 122619727076, "prevSeqId": 122619726236}], "_doc": "0110c540-c3dc-484f-b5ce-d0bf7b40574f"}, {"arg": {"channel": "books", "instId": "BTC-USDT-SWAP"}