[{"e": "depthUpdate", "E": 1712070278957, "s": "BTCUSDT", "U": 45296005501, "u": 45296005759, "b": [["65812.75000000", "1.32109000"], ["65812.29000000", "0.00000000"], ["65811.90000000", "0.00010000"], ["65811.51000000", "0.00010000"], ["65811.32000000", "0.00000000"], ["65811.12000000", "0.00010000"], ["65810.81000000", "0.00152000"], ["65810.73000000", "0.00010000"], ["65810.34000000", "0.00010000"], ["65809.95000000", "0.00010000"], ["65809.65000000", "0.00000000"], ["65809.49000000", "0.00152000"], ["65809.14000000", "0.00000000"], ["65808.60000000", "0.00000000"], ["65808.03000000", "0.20000000"], ["65808.02000000", "0.17381000"], ["65808.01000000", "0.00739000"], ["65806.38000000", "0.00000000"], ["65805.62000000", "0.00000000"], ["65805.39000000", "0.00000000"], ["65805.23000000", "0.00000000"], ["65804.89000000", "0.00000000"], ["65804.26000000", "0.00000000"], ["65803.44000000", "0.00000000"], ["65802.02000000", "0.00000000"], ["65800.33000000", "0.60189000"], ["65800.07000000", "0.00000000"], ["65800.01000000", "0.00000000"], ["65800.00000000", "0.38109000"], ["65799.87000000", "0.00000000"], ["65799.04000000", "0.00094000"], ["65797.34000000", "0.53270000"], ["65796.77000000", "0.00015000"], ["65796.43000000", "0.44730000"], ["65796.42000000", "0.74547000"], ["65796.38000000", "0.30395000"], ["65795.22000000", "0.30395000"], ["65795.09000000", "0.00000000"], ["65794.75000000", "0.00000000"], ["65793.84000000", "0.00000000"], ["65790.52000000", "0.00000000"], ["65790.10000000", "0.15233000"], ["65789.92000000", "0.00000000"], ["65788.32000000", "0.00000000"], ["65787.36000000", "0.44610000"], ["65787.32000000", "0.00000000"], ["65786.72000000", "0.00000000"], ["65786.49000000", "0.04000000"], ["65786.09000000", "0.00000000"], ["65785.97000000", "0.00164000"], ["65785.69000000", "0.00000000"], ["65785.19000000", "0.00000000"], ["65785.05000000", "0.30400000"], ["65783.50000000", "0.02000000"], ["65783.20000000", "0.10660000"], ["65782.20000000", "0.08000000"], ["65781.13000000", "0.65653000"], ["65777.77000000", "0.00000000"], ["65776.13000000", "0.00000000"], ["65775.33000000", "0.00000000"], ["65771.19000000", "0.00000000"], ["65770.95000000", "0.00044000"], ["65767.94000000", "0.03500000"], ["65764.49000000", "0.00000000"], ["65763.57000000", "0.00071000"], ["65762.97000000", "0.02974000"], ["65761.93000000", "0.00250000"], ["65761.33000000", "0.00000000"], ["65758.89000000", "0.00035000"], ["65757.00000000", "0.00245000"], ["65755.35000000", "0.01600000"], ["65753.10000000", "0.00000000"], ["65751.46000000", "0.00000000"], ["65749.03000000", "0.00000000"], ["65748.78000000", "0.00455000"], ["65747.13000000", "0.00753000"], ["65738.91000000", "0.00806000"], ["65737.27000000", "0.01179000"], ["65734.84000000", "0.01170000"], ["65733.77000000", "0.01652000"], ["65723.99000000", "0.20000000"], ["65715.80000000", "0.20000000"], ["65707.78000000", "0.00000000"], ["65703.30000000", "0.00000000"], ["65702.29000000", "0.50000000"], ["65700.29000000", "0.00030000"], ["65700.15000000", "0.00030000"], ["65700.08000000", "0.00030000"], ["65700.01000000", "0.00030000"], ["65699.94000000", "0.00030000"], ["65699.87000000", "0.00030000"], ["65699.80000000", "0.00030000"], ["65699.73000000", "0.00030000"], ["65699.66000000", "0.00030000"], ["65699.59000000", "0.00030000"], ["65699.52000000", "0.00030000"], ["65699.45000000", "0.00030000"], ["65699.38000000", "0.00030000"], ["65699.31000000", "0.00030000"], ["65699.24000000", "0.00030000"], ["65699.17000000", "0.00030000"], ["65699.10000000", "0.00030000"], ["65699.03000000", "0.00030000"], ["65698.96000000", "0.00030000"], ["65698.89000000", "0.00030000"], ["65698.82000000", "0.00030000"], ["65691.55000000", "0.00060000"], ["65691.48000000", "0.00060000"], ["65691.41000000", "0.00060000"], ["65691.34000000", "0.00060000"], ["65691.27000000", "0.00060000"], ["65691.20000000", "0.00060000"], ["65691.13000000", "0.00060000"], ["65691.06000000", "0.00060000"], ["65690.99000000", "0.00060000"], ["65690.92000000", "0.00060000"], ["65690.85000000", "0.00060000"], ["65690.78000000", "0.00060000"], ["65690.71000000", "0.00060000"], ["65690.64000000", "0.00060000"], ["65690.57000000", "0.00060000"], ["65690.50000000", "0.00060000"], ["65690.43000000", "0.00060000"], ["65690.36000000", "0.00060000"], ["65690.29000000", "0.00060000"], ["65690.22000000", "0.00060000"], ["65664.17000000", "0.00030000"], ["65664.10000000", "0.00030000"], ["65664.03000000", "0.00030000"], ["65663.96000000", "0.00030000"], ["65663.89000000", "0.00030000"], ["65663.82000000", "0.00030000"], ["65663.75000000", "0.00030000"], ["65663.68000000", "0.00030000"], ["65663.61000000", "0.00030000"], ["65663.54000000", "0.00030000"], ["65663.47000000", "0.00030000"], ["65663.40000000", "0.00030000"], ["65663.33000000", "0.00030000"], ["65663.26000000", "0.00030000"], ["65663.19000000", "0.00030000"], ["65663.12000000", "0.00030000"], ["65663.05000000", "0.00030000"], ["65662.98000000", "0.00030000"], ["65154.63000000", "0.00000000"], ["59231.00000000", "0.00202000"], ["52650.20000000", "0.00013000"], ["33000.00000000", "18.97545000"], ["32906.37000000", "0.00036000"]], "a": [["65812.76000000", "3.57956000"], ["65812.79000000", "0.15193000"], ["65813.01000000", "0.32085000"], ["65814.01000000", "0.00000000"], ["65816.39000000", "0.06154000"], ["65817.88000000", "0.15194000"], ["65820.23000000", "0.30384000"], ["65820.56000000", "0.25000000"], ["65821.47000000", "0.53270000"], ["65824.14000000", "0.15233000"], ["65827.59000000", "0.65652000"], ["65828.47000000", "0.00000000"], ["65830.19000000", "0.00000000"], ["65831.10000000", "0.00000000"], ["65835.85000000", "0.01600000"], ["65837.47000000", "0.48383000"], ["65839.70000000", "0.00000000"], ["65844.68000000", "0.00016000"], ["65845.01000000", "0.00000000"], ["65845.80000000", "0.03500000"], ["65848.99000000", "0.00000000"], ["65852.17000000", "0.00000000"], ["65853.21000000", "0.00000000"], ["65855.19000000", "0.00000000"], ["65856.40000000", "0.50234000"], ["65880.46000000", "0.01555000"], ["65881.10000000", "0.18667000"], ["65881.86000000", "0.31097000"], ["65884.76000000", "0.00000000"], ["65917.55000000", "0.01443000"], ["65981.88000000", "0.50000000"], ["66001.00000000", "0.00000000"], ["66010.20000000", "0.00000000"], ["66015.50000000", "0.23800000"], ["66580.37000000", "0.00000000"]], "_doc": "01719ed0-0603-4a5c-93c2-d72e8b4c8670"}, {"e": "depthUpdate", "E": 1712070277957, "s": "BTCUSDT", "U": 45296004835, "u": 45296005500, "b": [["65812.75000000", "3.39311000"], ["65812.37000000", "0.00000000"], ["65812.36000000", "0.06230000"], ["65812.30000000", "0.00000000"], ["65812.29000000", "0.15194000"], ["65812.28000000", "0.21205000"], ["65812.25000000", "0.15194000"], ["65812.24000000", "0.16570000"], ["65812.13000000", "0.00000000"], ["65812.09000000", "0.00000000"], ["65812.01000000", "0.20000000"], ["65812.00000000", "0.06910000"], ["65811.99000000", "0.00000000"], ["65811.97000000", "0.00000000"], ["65811.96000000", "0.00000000"], ["65811.94000000", "0.00000000"], ["65811.89000000", "0.00000000"], ["65811.58000000", "0.00000000"], ["65811.57000000", "0.00000000"], ["65811.56000000", "0.00000000"], ["65810.49000000", "0.00000000"], ["65809.64000000", "0.00000000"], ["65809.59000000", "0.00000000"], ["65809.56000000", "0.00010000"], ["65809.51000000", "0.00000000"], ["65809.44000000", "0.00000000"], ["65809.42000000", "0.00000000"], ["65809.34000000", "0.00000000"], ["65809.17000000", "0.00010000"], ["65808.78000000", "0.00010000"], ["65808.74000000", "0.00000000"], ["65808.61000000", "0.00000000"], ["65808.58000000", "0.00000000"], ["65808.48000000", "0.00000000"], ["65808.40000000", "0.00000000"], ["65808.39000000", "0.07445000"], ["65808.38000000", "0.00000000"], ["65808.21000000", "0.50230000"], ["65808.08000000", "0.20000000"], ["65808.03000000", "0.82157000"], ["65808.01000000", "0.08997000"], ["65808.00000000", "0.06920000"], ["65807.67000000", "0.00000000"], ["65807.34000000", "0.00000000"], ["65807.13000000", "0.00000000"], ["65807.05000000", "0.83710000"], ["65806.96000000", "0.00000000"], ["65806.42000000", "0.00000000"], ["65806.39000000", "0.70488000"], ["65806.25000000", "0.00000000"], ["65805.92000000", "0.00019000"], ["65805.62000000", "0.00075000"], ["65805.54000000", "0.00152000"], ["65805.44000000", "0.00000000"], ["65805.36000000", "0.00000000"], ["65805.23000000", "0.72482000"], ["65805.14000000", "0.00075000"], ["65804.92000000", "0.00000000"], ["65804.86000000", "0.49465000"], ["65804.81000000", "0.00000000"], ["65804.52000000", "0.00000000"], ["65804.29000000", "0.00000000"], ["65804.05000000", "0.00000000"], ["65803.04000000", "0.00008000"], ["65802.94000000", "0.10660000"], ["65802.19000000", "0.00000000"], ["65801.67000000", "0.00000000"], ["65801.52000000", "0.00000000"], ["65801.23000000", "0.27465000"], ["65801.22000000", "0.00000000"], ["65800.71000000", "0.00000000"], ["65800.07000000", "0.00015000"], ["65800.01000000", "0.30393000"], ["65800.00000000", "0.07716000"], ["65799.88000000", "1.11805000"], ["65799.46000000", "0.00000000"], ["65799.15000000", "0.00000000"], ["65796.83000000", "0.74486000"], ["65796.38000000", "0.45628000"], ["65795.22000000", "0.30395000"], ["65795.09000000", "0.22835000"], ["65794.75000000", "0.04600000"], ["65794.28000000", "0.00000000"], ["65794.27000000", "0.38050000"], ["65793.06000000", "0.00000000"], ["65793.05000000", "0.49465000"], ["65793.00000000", "0.00000000"], ["65792.20000000", "0.00000000"], ["65792.12000000", "0.00000000"], ["65791.86000000", "0.00000000"], ["65791.79000000", "0.00000000"], ["65791.31000000", "0.00000000"], ["65790.52000000", "0.00000000"], ["65790.46000000", "0.00000000"], ["65790.35000000", "0.00000000"], ["65790.31000000", "0.00000000"], ["65790.03000000", "0.00000000"], ["65789.99000000", "0.00000000"], ["65789.35000000", "0.00000000"], ["65788.45000000", "0.33461000"], ["65787.82000000", "0.00000000"], ["65787.72000000", "0.00010000"], ["65787.66000000", "0.00000000"], ["65787.59000000", "0.00000000"], ["65787.56000000", "0.00100000"], ["65786.72000000", "0.04000000"], ["65786.55000000", "0.00000000"], ["65786.40000000", "0.00000000"], ["65786.09000000", "0.02000000"], ["65786.02000000", "0.00000000"], ["65785.69000000", "0.65649000"], ["65785.68000000", "0.30400000"], ["65785.19000000", "0.04000000"], ["65784.92000000", "0.00000000"], ["65784.53000000", "0.00000000"], ["65784.21000000", "0.00010000"], ["65783.82000000", "0.00010000"], ["65783.43000000", "0.00010000"], ["65783.04000000", "0.00010000"], ["65782.65000000", "0.00010000"], ["65782.26000000", "0.00010000"], ["65781.48000000", "0.00010000"], ["65781.25000000", "0.00000000"], ["65781.24000000", "0.00000000"], ["65781.09000000", "0.00010000"], ["65780.70000000", "0.00010000"], ["65780.53000000", "0.00000000"], ["65779.20000000", "0.00251000"], ["65779.01000000", "0.00000000"], ["65778.51000000", "0.00000000"], ["65778.33000000", "0.04830000"], ["65777.77000000", "0.00071000"], ["65776.44000000", "0.00000000"], ["65776.13000000", "0.00250000"], ["65775.36000000", "0.29230000"], ["65774.56000000", "0.53278000"], ["65773.31000000", "0.00000000"], ["65772.85000000", "0.00628000"], ["65771.19000000", "0.00245000"], ["65770.62000000", "0.00000000"], ["65770.58000000", "0.00000000"], ["65769.00000000", "0.00010000"], ["65768.18000000", "0.00000000"], ["65768.16000000", "0.00000000"], ["65766.64000000", "0.00000000"], ["65765.82000000", "0.00000000"], ["65765.45000000", "0.01285000"], ["65764.49000000", "0.01600000"], ["65764.26000000", "0.02279000"], ["65762.98000000", "0.31023000"], ["65762.97000000", "0.03429000"], ["65762.72000000", "0.00000000"], ["65761.33000000", "0.00753000"], ["65761.24000000", "0.00000000"], ["65760.78000000", "0.00000000"], ["65759.71000000", "0.00000000"], ["65759.60000000", "0.00000000"], ["65759.29000000", "0.30412000"], ["65758.33000000", "0.00000000"], ["65757.71000000", "0.83710000"], ["65754.67000000", "0.00000000"], ["65754.26000000", "0.00000000"], ["65753.62000000", "0.06402000"], ["65753.38000000", "0.00000000"], ["65753.10000000", "0.00806000"], ["65751.59000000", "0.00000000"], ["65751.46000000", "0.01179000"], ["65749.03000000", "0.01170000"], ["65747.92000000", "0.03038000"], ["65747.41000000", "0.00511000"], ["65746.57000000", "0.28865000"], ["65746.45000000", "0.00000000"], ["65745.24000000", "0.00000000"], ["65744.80000000", "0.00000000"], ["65744.50000000", "0.00000000"], ["65742.76000000", "0.00000000"], ["65738.41000000", "0.01555000"], ["65736.58000000", "0.00000000"], ["65735.77000000", "0.00907000"], ["65734.94000000", "0.00000000"], ["65734.64000000", "0.00000000"], ["65734.23000000", "0.00000000"], ["65733.24000000", "0.00000000"], ["65732.50000000", "0.00000000"], ["65727.21000000", "0.00151000"], ["65726.71000000", "0.00151000"], ["65726.63000000", "0.00000000"], ["65721.87000000", "0.00000000"], ["65721.47000000", "0.30430000"], ["65720.48000000", "0.00000000"], ["65720.47000000", "0.44495000"], ["65719.49000000", "0.30431000"], ["65719.30000000", "0.00000000"], ["65718.95000000", "0.00000000"], ["65714.20000000", "0.01443000"], ["65704.23000000", "0.01443000"], ["65702.08000000", "0.00000000"], ["65698.75000000", "0.00030000"], ["65698.68000000", "0.00030000"], ["65698.61000000", "0.00030000"], ["65698.54000000", "0.00030000"], ["65698.51000000", "3.09130000"], ["65698.47000000", "0.00030000"], ["65698.40000000", "0.00030000"], ["65698.33000000", "0.00030000"], ["65698.26000000", "0.00030000"], ["65698.19000000", "0.00030000"], ["65698.12000000", "0.00030000"], ["65698.05000000", "0.00030000"], ["65697.98000000", "0.00030000"], ["65697.91000000", "0.00030000"], ["65697.84000000", "0.00030000"], ["65697.77000000", "0.00030000"], ["65697.70000000", "0.00030000"], ["65697.63000000", "0.00030000"], ["65697.56000000", "0.00030000"], ["65697.53000000", "0.00000000"], ["65697.49000000", "0.00030000"], ["65697.42000000", "0.00030000"], ["65697.35000000", "0.00030000"], ["65697.28000000", "0.00030000"], ["65697.21000000", "0.00030000"], ["65697.14000000", "0.00030000"], ["65697.07000000", "0.00030000"], ["65697.00000000", "0.00030000"], ["65696.93000000", "0.00030000"], ["65696.86000000", "0.00030000"], ["65696.79000000", "0.00030000"], ["65696.72000000", "0.00030000"], ["65696.65000000", "0.00030000"], ["65696.58000000", "0.00030000"], ["65690.15000000", "0.00060000"], ["65690.08000000", "0.00060000"], ["65690.01000000", "0.00060000"], ["65689.94000000", "0.00060000"], ["65689.87000000", "0.00060000"], ["65689.80000000", "0.00060000"], ["65689.73000000", "0.00060000"], ["65689.66000000", "0.00060000"], ["65689.59000000", "0.00060000"], ["65689.52000000", "0.00060000"], ["65689.45000000", "0.00060000"], ["65689.38000000", "0.00060000"], ["65689.31000000", "0.00060000"], ["65689.24000000", "0.00060000"], ["65689.17000000", "0.00060000"], ["65689.10000000", "0.00060000"], ["65689.03000000", "0.00060000"], ["65688.96000000", "0.00060000"], ["65688.89000000", "0.00060000"], ["65688.85000000", "0.00000000"], ["65688.82000000", "0.00060000"], ["65688.75000000", "0.00060000"], ["65688.68000000", "0.00060000"], ["65686.32000000", "0.00000000"], ["65685.06000000", "0.00000000"], ["65662.91000000", "0.00030000"], ["65662.84000000", "0.00030000"], ["65662.77000000", "0.00030000"], ["65662.70000000", "0.00030000"], ["65662.63000000", "0.00030000"], ["65662.56000000", "0.00030000"], ["65662.49000000", "0.00030000"], ["65662.42000000", "0.00030000"], ["65662.35000000", "0.00030000"], ["65662.28000000", "0.00030000"], ["65662.21000000", "0.00030000"], ["65662.14000000", "0.00030000"], ["65662.07000000", "0.00030000"], ["65662.00000000", "0.00030000"], ["65661.93000000", "0.00030000"], ["65661.86000000", "0.00030000"], ["65661.80000000", "0.00151000"], ["65661.79000000", "0.00030000"], ["65661.72000000", "0.00030000"], ["65661.65000000", "0.00030000"], ["65661.31000000", "0.00151000"], ["65657.23000000", "0.02910000"], ["65650.01000000", "0.00000000"], ["65603.59000000", "0.50000000"], ["65154.63000000", "0.00000000"], ["64828.75000000", "0.00000000"], ["59231.00000000", "0.00202000"], ["59000.00000000", "229.67143000"], ["52650.20000000", "0.00013000"], ["52646.41000000", "0.00000000"], ["33000.00000000", "18.97485000"], ["32906.37000000", "0.00036000"], ["32904.00000000", "0.00000000"]], "a": [["65812.29000000", "0.00000000"], ["65812.76000000", "3.68741000"], ["65812.98000000", "0.00000000"], ["65813.10000000", "0.27767000"], ["65813.22000000", "0.15193000"], ["65813.72000000", "0.00000000"], ["65814.03000000", "0.00000000"], ["65814.70000000", "0.00000000"], ["65814.71000000", "0.04563000"], ["65815.25000000", "0.00000000"], ["65817.18000000", "0.00000000"], ["65817.75000000", "0.00010000"], ["65818.59000000", "0.00000000"], ["65819.65000000", "0.02974000"], ["65820.30000000", "0.44571000"], ["65820.31000000", "0.00000000"], ["65820.86000000", "0.00000000"], ["65822.13000000", "0.00000000"], ["65822.18000000", "0.01845000"], ["65822.21000000", "0.00000000"], ["65822.22000000", "0.04000000"], ["65822.34000000", "0.00000000"], ["65823.80000000", "0.60764000"], ["65823.96000000", "0.14950000"], ["65824.97000000", "0.53270000"], ["65826.05000000", "0.00000000"], ["65826.11000000", "0.00000000"], ["65826.45000000", "0.00000000"], ["65826.53000000", "0.24000000"], ["65826.89000000", "0.00000000"], ["65827.47000000", "0.00000000"], ["65827.69000000", "0.00000000"], ["65828.27000000", "0.15194000"], ["65828.76000000", "0.04308000"], ["65829.31000000", "0.00000000"], ["65829.66000000", "0.00000000"], ["65830.03000000", "0.00000000"], ["65830.19000000", "0.15233000"], ["65831.78000000", "0.00000000"], ["65832.16000000", "0.00000000"], ["65832.98000000", "0.00000000"], ["65833.10000000", "0.21691000"], ["65833.27000000", "0.00000000"], ["65833.92000000", "0.00000000"], ["65837.26000000", "0.00465000"], ["65839.94000000", "1.16348000"], ["65840.00000000", "0.45112000"], ["65840.15000000", "0.00251000"], ["65842.09000000", "0.29945000"], ["65842.61000000", "0.00124000"], ["65844.00000000", "0.55763000"], ["65845.01000000", "0.01600000"], ["65846.20000000", "0.00000000"], ["65848.99000000", "0.00000000"], ["65849.26000000", "0.00151000"], ["65850.59000000", "0.00128000"], ["65851.22000000", "0.05254000"], ["65851.64000000", "0.00000000"], ["65851.65000000", "0.00000000"], ["65855.19000000", "5.33645000"], ["65857.14000000", "0.00531000"], ["65858.40000000", "0.00000000"], ["65863.28000000", "0.00000000"], ["65866.76000000", "0.00000000"], ["65867.10000000", "0.00000000"], ["65867.12000000", "0.30370000"], ["65867.68000000", "0.00000000"], ["65867.69000000", "0.00000000"], ["65873.86000000", "0.00000000"], ["65877.24000000", "0.00000000"], ["65877.87000000", "0.00000000"], ["65881.85000000", "0.00000000"], ["65881.86000000", "0.00666000"], ["65882.56000000", "0.00000000"], ["65884.59000000", "0.00000000"], ["65884.76000000", "0.01555000"], ["65895.15000000", "0.03206000"], ["65907.15000000", "0.00000000"], ["65911.40000000", "0.00000000"], ["65914.99000000", "0.00151000"], ["65918.34000000", "0.00128000"], ["65918.35000000", "0.01443000"], ["65984.45000000", "0.54823000"], ["66009.34000000", "0.00009000"], ["66803.24000000", "0.00000000"]], "_doc": "3abdec7b-3156-433b-a1ba-9157f238284a"}, {"e": "depthUpdate", "E": 1712070276957, "s": "BTCUSDT", "U": 45296003902, "u": 45296004834, "b": [["65812.28000000", "4.08747000"], ["65812.24000000", "0.22473000"], ["65812.00000000", "0.06910000"], ["65811.99000000", "0.08989000"], ["65811.97000000", "0.23240000"], ["65811.96000000", "1.16696000"], ["65811.94000000", "0.00008000"], ["65811.89000000", "0.94886000"], ["65811.58000000", "0.01489000"], ["65811.57000000", "0.00000000"], ["65811.56000000", "0.35172000"], ["65810.59000000", "0.00000000"], ["65810.50000000", "0.00000000"], ["65810.49000000", "0.12991000"], ["65810.33000000", "0.00000000"], ["65809.99000000", "0.00000000"], ["65809.94000000", "0.00000000"], ["65809.91000000", "0.00000000"], ["65809.85000000", "0.00000000"], ["65809.65000000", "0.12991000"], ["65809.55000000", "0.00000000"], ["65809.43000000", "0.00000000"], ["65809.42000000", "0.00000000"], ["65809.34000000", "0.27997000"], ["65809.33000000", "0.00000000"], ["65809.16000000", "0.00000000"], ["65809.14000000", "0.12991000"], ["65809.00000000", "0.00000000"], ["65808.87000000", "0.00000000"], ["65808.77000000", "0.00000000"], ["65808.60000000", "0.12991000"], ["65808.40000000", "0.00000000"], ["65808.39000000", "0.07435000"], ["65808.38000000", "0.22181000"], ["65808.20000000", "0.20000000"], ["65808.13000000", "0.00000000"], ["65808.09000000", "0.00000000"], ["65808.08000000", "0.20679000"], ["65808.05000000", "0.00000000"], ["65808.04000000", "0.00000000"], ["65808.03000000", "2.09358000"], ["65808.02000000", "0.40372000"], ["65808.01000000", "0.45628000"], ["65808.00000000", "0.06910000"], ["65807.34000000", "0.04436000"], ["65806.38000000", "0.04436000"], ["65806.04000000", "1.17472000"], ["65804.86000000", "0.00000000"], ["65804.52000000", "0.30391000"], ["65804.42000000", "0.00000000"], ["65804.27000000", "0.00000000"], ["65804.26000000", "0.04436000"], ["65804.07000000", "0.02279000"], ["65802.94000000", "0.00000000"], ["65802.60000000", "0.07597000"], ["65801.52000000", "0.44610000"], ["65801.23000000", "0.17720000"], ["65801.16000000", "0.49465000"], ["65801.12000000", "0.00000000"], ["65800.75000000", "0.00449000"], ["65800.71000000", "0.30393000"], ["65800.62000000", "0.00000000"], ["65800.05000000", "0.00000000"], ["65799.87000000", "0.53270000"], ["65799.72000000", "1.86339000"], ["65799.48000000", "0.00008000"], ["65799.44000000", "0.00000000"], ["65799.14000000", "0.30394000"], ["65799.03000000", "0.15462000"], ["65797.08000000", "0.00010000"], ["65795.84000000", "0.00000000"], ["65794.74000000", "0.00010000"], ["65794.30000000", "0.00000000"], ["65794.27000000", "0.00000000"], ["65793.04000000", "0.00000000"], ["65792.75000000", "0.00000000"], ["65791.79000000", "0.04000000"], ["65790.81000000", "0.00000000"], ["65790.64000000", "0.00000000"], ["65788.83000000", "0.00000000"], ["65787.89000000", "0.00074000"], ["65787.70000000", "0.00000000"], ["65787.36000000", "0.55763000"], ["65786.53000000", "0.00000000"], ["65785.74000000", "0.00000000"], ["65785.25000000", "0.54798000"], ["65785.15000000", "0.00000000"], ["65784.53000000", "0.00074000"], ["65781.12000000", "0.45587000"], ["65779.41000000", "0.00020000"], ["65775.37000000", "0.00000000"], ["65775.33000000", "0.03500000"], ["65774.54000000", "0.38050000"], ["65774.16000000", "0.00302000"], ["65771.82000000", "0.01000000"], ["65770.74000000", "0.00020000"], ["65770.59000000", "0.00000000"], ["65767.91000000", "0.00000000"], ["65764.09000000", "0.00000000"], ["65755.84000000", "0.13868000"], ["65755.77000000", "0.05526000"], ["65753.99000000", "0.00000000"], ["65744.07000000", "0.00760000"], ["65736.85000000", "0.02200000"], ["65722.47000000", "0.00000000"], ["65707.30000000", "0.00000000"], ["65703.30000000", "0.20000000"], ["65696.51000000", "0.00030000"], ["65688.85000000", "0.02909000"], ["65688.81000000", "0.00000000"], ["65688.61000000", "0.00060000"], ["65688.54000000", "0.00060000"], ["65688.47000000", "0.00060000"], ["65688.40000000", "0.00060000"], ["65688.33000000", "0.00060000"], ["65661.58000000", "0.00030000"], ["65661.45000000", "0.00000000"], ["65652.94000000", "0.50000000"], ["65652.49000000", "0.00000000"], ["65403.41000000", "0.00024000"], ["65150.00000000", "0.03349000"], ["65149.93000000", "0.00000000"], ["63000.00000000", "128.93234000"], ["60543.37000000", "0.00000000"], ["59227.00000000", "0.17222000"], ["52646.41000000", "0.00013000"], ["33000.00000000", "18.97485000"], ["32904.00000000", "0.00036000"]], "a": [["65808.02000000", "0.00000000"], ["65808.03000000", "0.00000000"], ["65808.04000000", "0.00000000"], ["65808.09000000", "0.00000000"], ["65808.39000000", "0.00000000"], ["65808.78000000", "0.00000000"], ["65808.88000000", "0.00000000"], ["65809.17000000", "0.00000000"], ["65809.34000000", "0.00000000"], ["65809.56000000", "0.00000000"], ["65809.92000000", "0.00000000"], ["65809.95000000", "0.00000000"], ["65810.00000000", "0.00000000"], ["65810.34000000", "0.00000000"], ["65810.50000000", "0.00000000"], ["65810.73000000", "0.00000000"], ["65811.12000000", "0.00000000"], ["65811.51000000", "0.00000000"], ["65811.57000000", "0.00000000"], ["65811.58000000", "0.00000000"], ["65811.59000000", "0.00000000"], ["65811.60000000", "0.00000000"], ["65811.61000000", "0.00000000"], ["65811.62000000", "0.00000000"], ["65811.63000000", "0.00000000"], ["65811.64000000", "0.00000000"], ["65811.90000000", "0.00000000"], ["65811.91000000", "0.00000000"], ["65811.97000000", "0.00000000"], ["65811.99000000", "0.00000000"], ["65812.00000000", "0.00000000"], ["65812.15000000", "0.00000000"], ["65812.25000000", "0.00000000"], ["65812.43000000", "0.00000000"], ["65812.64000000", "0.00000000"], ["65812.73000000", "0.00000000"], ["65813.43000000", "0.00000000"], ["65814.03000000", "0.15193000"], ["65814.05000000", "0.00000000"], ["65814.06000000", "0.00000000"], ["65814.57000000", "0.00000000"], ["65814.75000000", "0.00000000"], ["65815.25000000", "0.49465000"], ["65815.46000000", "0.00000000"], ["65815.59000000", "0.00000000"], ["65815.68000000", "0.00000000"], ["65816.06000000", "0.00000000"], ["65816.76000000", "0.00000000"], ["65816.77000000", "0.00000000"], ["65817.18000000", "0.15195000"], ["65817.38000000", "0.00000000"], ["65817.55000000", "0.00000000"], ["65817.74000000", "0.00000000"], ["65817.75000000", "0.25010000"], ["65818.32000000", "0.00000000"], ["65818.36000000", "0.00075000"], ["65818.59000000", "0.00018000"], ["65818.68000000", "0.00000000"], ["65819.64000000", "0.59944000"], ["65819.65000000", "0.00000000"], ["65819.97000000", "0.00000000"], ["65820.01000000", "0.00152000"], ["65820.02000000", "0.00000000"], ["65820.43000000", "0.00441000"], ["65820.65000000", "0.00075000"], ["65820.82000000", "0.00000000"], ["65822.13000000", "0.00000000"], ["65822.28000000", "0.00000000"], ["65822.32000000", "0.00000000"], ["65822.67000000", "0.00000000"], ["65822.73000000", "0.00000000"], ["65822.82000000", "0.00010000"], ["65822.85000000", "0.00000000"], ["65823.14000000", "0.00040000"], ["65823.80000000", "0.00000000"], ["65824.36000000", "0.00000000"], ["65824.43000000", "0.00000000"], ["65825.81000000", "0.00000000"], ["65825.87000000", "0.87515000"], ["65826.07000000", "1.18220000"], ["65826.11000000", "0.30381000"], ["65826.45000000", "0.04000000"], ["65826.52000000", "0.49465000"], ["65827.96000000", "0.00023000"], ["65828.47000000", "0.53270000"], ["65833.27000000", "0.30378000"], ["65833.64000000", "0.00000000"], ["65834.24000000", "0.00000000"], ["65834.49000000", "0.00000000"], ["65835.59000000", "0.00000000"], ["65837.46000000", "0.00327000"], ["65837.97000000", "0.83710000"], ["65839.70000000", "0.65643000"], ["65842.06000000", "0.30374000"], ["65842.32000000", "0.00000000"], ["65842.70000000", "0.00000000"], ["65844.21000000", "0.00000000"], ["65845.55000000", "0.00000000"], ["65845.77000000", "0.00000000"], ["65847.47000000", "0.00000000"], ["65848.17000000", "1.00459000"], ["65848.99000000", "0.00151000"], ["65850.20000000", "0.09081000"], ["65850.59000000", "0.00128000"], ["65850.68000000", "0.02279000"], ["65851.64000000", "5.33645000"], ["65852.10000000", "0.00000000"], ["65852.18000000", "0.15195000"], ["65853.21000000", "0.03500000"], ["65854.57000000", "0.30387000"], ["65856.41000000", "0.83710000"], ["65857.27000000", "0.00030000"], ["65861.09000000", "0.00000000"], ["65862.26000000", "0.00020000"], ["65863.28000000", "0.00036000"], ["65864.86000000", "0.00000000"], ["65868.47000000", "0.03000000"], ["65874.89000000", "0.00000000"], ["65879.36000000", "0.00000000"], ["65879.99000000", "0.00327000"], ["65882.56000000", "0.01555000"], ["65882.76000000", "0.00000000"], ["65885.34000000", "0.28192000"], ["65904.55000000", "0.00000000"], ["65912.99000000", "0.00000000"], ["65929.93000000", "0.00000000"], ["65933.21000000", "0.02735000"], ["65941.69000000", "0.64082000"], ["66001.00000000", "0.23800000"], ["66003.80000000", "0.00000000"], ["66060.73000000", "0.00014000"], ["66062.16000000", "0.00000000"], ["66067.11000000", "0.03064000"], ["66179.34000000", "0.50012000"], ["66580.37000000", "0.00060000"]], "_doc": "7dab7538-7c72-4370-88e3-dc611b063146"}, {"e": "depthUpdate", "E": 1712070275957, "s": "BTCUSDT", "U": 45296003707, "u": 45296003901, "b": [["65808.01000000", "3.12493000"], ["65802.02000000", "0.04436000"], ["65800.71000000", "0.60786000"], ["65800.65000000", "0.00000000"], ["65800.05000000", "0.05000000"], ["65800.00000000", "0.07655000"], ["65799.60000000", "0.02736000"], ["65799.03000000", "0.31338000"], ["65798.96000000", "0.00152000"], ["65793.26000000", "0.00000000"], ["65793.04000000", "0.49465000"], ["65793.00000000", "0.00015000"], ["65792.28000000", "0.00000000"], ["65790.64000000", "0.53270000"], ["65787.16000000", "0.00000000"], ["65787.10000000", "0.00000000"], ["65786.53000000", "0.03000000"], ["65785.46000000", "0.00000000"], ["65784.92000000", "0.30400000"], ["65784.80000000", "0.00000000"], ["65784.21000000", "0.00000000"], ["65783.86000000", "0.00000000"], ["65783.80000000", "0.00000000"], ["65783.56000000", "0.00000000"], ["65783.46000000", "0.00000000"], ["65783.40000000", "0.00000000"], ["65778.34000000", "0.00000000"], ["65774.73000000", "0.12029000"], ["65770.62000000", "0.38050000"], ["65770.00000000", "0.06349000"], ["65768.52000000", "0.82511000"], ["65763.48000000", "1.48787000"], ["65762.72000000", "0.38050000"], ["65762.18000000", "2.47964000"], ["65761.27000000", "0.00000000"], ["65761.26000000", "0.00000000"], ["65758.81000000", "0.00000000"], ["65758.33000000", "0.30413000"], ["65755.84000000", "0.09083000"], ["65754.57000000", "0.09572000"], ["65751.09000000", "0.04000000"], ["65749.35000000", "0.07597000"], ["65742.83000000", "0.00000000"], ["65742.76000000", "0.00511000"], ["65737.56000000", "0.00000000"], ["65737.55000000", "0.00000000"], ["65730.97000000", "0.00000000"], ["65721.53000000", "0.00000000"], ["65720.47000000", "0.00000000"], ["65718.95000000", "0.30431000"], ["65718.65000000", "0.00000000"], ["65716.55000000", "0.00000000"], ["65714.91000000", "0.01586000"], ["65710.91000000", "0.00000000"], ["65710.90000000", "0.00000000"], ["65687.83000000", "0.00000000"], ["65149.93000000", "0.00000000"], ["64000.00000000", "106.02346000"], ["59227.00000000", "0.17222000"], ["52646.41000000", "0.00013000"], ["33000.00000000", "18.97485000"], ["32904.00000000", "0.00036000"]], "a": [["65808.02000000", "1.11107000"], ["65808.04000000", "0.00030000"], ["65808.61000000", "0.00000000"], ["65810.97000000", "0.00000000"], ["65811.92000000", "0.00000000"], ["65811.99000000", "0.18238000"], ["65812.15000000", "0.30388000"], ["65812.76000000", "0.02735000"], ["65813.49000000", "0.00000000"], ["65813.73000000", "0.00000000"], ["65813.74000000", "0.00000000"], ["65814.05000000", "0.09123000"], ["65814.71000000", "0.00000000"], ["65815.68000000", "0.11153000"], ["65817.38000000", "0.00152000"], ["65817.75000000", "0.00010000"], ["65818.02000000", "0.00000000"], ["65818.68000000", "0.53270000"], ["65819.65000000", "0.52439000"], ["65819.97000000", "0.49465000"], ["65820.08000000", "0.00000000"], ["65821.39000000", "0.00000000"], ["65822.68000000", "0.00000000"], ["65823.48000000", "0.50233000"], ["65826.70000000", "0.00000000"], ["65831.10000000", "0.30379000"], ["65835.59000000", "0.09083000"], ["65836.00000000", "0.00000000"], ["65836.12000000", "0.07597000"], ["65837.47000000", "0.14801000"], ["65840.00000000", "0.98382000"], ["65844.67000000", "0.00000000"], ["65847.98000000", "0.00000000"], ["65850.78000000", "0.00000000"], ["65879.36000000", "0.01555000"], ["66080.61000000", "0.50000000"], ["66580.37000000", "0.00000000"]], "_doc": "34095b0e-2ef6-40fd-a03f-da1376f662c9"}, {"e": "depthUpdate", "E": 1712070274957, "s": "BTCUSDT", "U": 45296003491, "u": 45296003706, "b": [["65808.01000000", "2.17666000"], ["65804.04000000", "0.00000000"], ["65802.94000000", "0.00000000"], ["65801.76000000", "0.00000000"], ["65801.60000000", "0.00152000"], ["65800.67000000", "0.00000000"], ["65800.46000000", "0.00000000"], ["65800.28000000", "0.00152000"], ["65800.15000000", "0.00000000"], ["65800.08000000", "0.00010000"], ["65799.04000000", "0.00149000"], ["65798.87000000", "0.00000000"], ["65796.98000000", "0.00000000"], ["65796.85000000", "0.00000000"], ["65796.02000000", "0.00000000"], ["65796.01000000", "0.00000000"], ["65795.63000000", "0.00000000"], ["65795.09000000", "0.22835000"], ["65794.30000000", "0.38050000"], ["65793.26000000", "0.53270000"], ["65791.53000000", "0.00000000"], ["65791.46000000", "0.00000000"], ["65791.31000000", "0.00000000"], ["65790.13000000", "0.00000000"], ["65790.06000000", "0.00010000"], ["65789.28000000", "0.00010000"], ["65788.89000000", "0.00010000"], ["65788.83000000", "1.08423000"], ["65788.53000000", "0.00000000"], ["65788.50000000", "0.00010000"], ["65788.11000000", "0.00010000"], ["65787.93000000", "0.00000000"], ["65787.86000000", "0.00000000"], ["65787.72000000", "0.00010000"], ["65787.10000000", "0.04000000"], ["65786.93000000", "0.00000000"], ["65786.83000000", "0.00000000"], ["65786.81000000", "0.00000000"], ["65786.43000000", "0.00000000"], ["65786.40000000", "0.38050000"], ["65786.15000000", "0.00000000"], ["65785.33000000", "0.00000000"], ["65785.25000000", "0.88131000"], ["65785.15000000", "1.46875000"], ["65784.53000000", "0.00000000"], ["65783.20000000", "0.10660000"], ["65778.51000000", "0.38050000"], ["65778.34000000", "0.30403000"], ["65764.68000000", "0.00000000"], ["65761.77000000", "0.00000000"], ["65761.76000000", "0.00000000"], ["65761.27000000", "0.07387000"], ["65758.81000000", "0.05526000"], ["65745.24000000", "0.28807000"], ["65727.03000000", "0.00000000"], ["65707.30000000", "0.20000000"], ["65705.80000000", "0.00000000"], ["65686.32000000", "0.01153000"], ["65684.65000000", "0.18266000"], ["65500.00000000", "6.44210000"], ["65149.93000000", "0.00000000"], ["60100.00000000", "27.04487000"], ["59227.00000000", "0.17222000"], ["52646.41000000", "0.00013000"], ["33000.00000000", "18.97485000"], ["32904.00000000", "0.00036000"]], "a": [["65808.02000000", "3.78818000"], ["65808.41000000", "0.00000000"], ["65808.61000000", "0.15194000"], ["65809.15000000", "0.00000000"], ["65810.48000000", "0.00000000"], ["65810.49000000", "0.00000000"], ["65810.65000000", "0.00000000"], ["65810.76000000", "0.00000000"], ["65810.77000000", "0.00000000"], ["65810.82000000", "0.00000000"], ["65811.56000000", "0.00000000"], ["65811.92000000", "0.04153000"], ["65811.93000000", "0.00000000"], ["65813.43000000", "0.00016000"], ["65813.72000000", "0.00008000"], ["65815.68000000", "0.55763000"], ["65817.75000000", "0.25010000"], ["65819.65000000", "0.02974000"], ["65820.02000000", "0.04000000"], ["65821.39000000", "0.30383000"], ["65822.04000000", "0.00010000"], ["65822.43000000", "0.00010000"], ["65822.82000000", "0.00010000"], ["65823.21000000", "0.00010000"], ["65823.48000000", "0.99698000"], ["65823.60000000", "0.00010000"], ["65823.87000000", "0.38050000"], ["65823.99000000", "0.00010000"], ["65824.38000000", "0.00010000"], ["65831.38000000", "0.00000000"], ["65833.88000000", "0.00000000"], ["65833.89000000", "0.00000000"], ["65836.00000000", "0.30377000"], ["65841.17000000", "0.06144000"], ["65842.38000000", "0.00000000"], ["65844.91000000", "0.75374000"], ["65846.32000000", "0.00000000"], ["65847.98000000", "5.33645000"], ["65848.17000000", "0.00000000"], ["65849.56000000", "0.00000000"], ["65850.59000000", "0.00000000"], ["65852.19000000", "0.00000000"], ["65857.76000000", "0.50000000"], ["65861.35000000", "0.00000000"], ["65867.30000000", "0.00151000"], ["65878.76000000", "0.00000000"], ["65879.36000000", "0.00000000"], ["65882.76000000", "0.28556000"], ["66003.80000000", "0.23800000"], ["66005.10000000", "0.00000000"], ["66120.00000000", "0.01737000"], ["70000.00000000", "81.75954000"]], "_doc": "2c9ee3c0-bf6e-41dc-8230-b3654812167f"}, {"e": "depthUpdate", "E": 1712070273957, "s": "BTCUSDT", "U": 45296003272, "u": 45296003490, "b": [["65808.01000000", "3.39465000"], ["65806.86000000", "0.00152000"], ["65806.82000000", "0.00000000"], ["65802.00000000", "0.00000000"], ["65801.12000000", "0.49465000"], ["65800.69000000", "0.00000000"], ["65800.67000000", "0.30393000"], ["65800.20000000", "0.00000000"], ["65799.48000000", "0.00000000"], ["65799.44000000", "0.19990000"], ["65799.04000000", "0.00094000"], ["65799.03000000", "0.47579000"], ["65798.64000000", "0.00040000"], ["65796.89000000", "0.00000000"], ["65792.28000000", "0.30397000"], ["65791.46000000", "0.00000000"], ["65790.06000000", "0.04010000"], ["65788.40000000", "0.00000000"], ["65787.86000000", "0.00000000"], ["65786.86000000", "0.00000000"], ["65786.66000000", "0.00000000"], ["65786.46000000", "0.00000000"], ["65786.36000000", "0.00000000"], ["65786.26000000", "0.00000000"], ["65784.53000000", "0.00000000"], ["65771.88000000", "0.00000000"], ["65770.59000000", "0.00302000"], ["65768.24000000", "0.00000000"], ["65764.68000000", "2.47964000"], ["65761.77000000", "0.16999000"], ["65742.83000000", "0.00511000"], ["65720.47000000", "0.42994000"], ["65688.73000000", "0.00000000"], ["65678.88000000", "0.00000000"], ["65661.45000000", "0.02910000"], ["65149.93000000", "0.00000000"], ["61500.00000000", "87.32286000"], ["61157.00000000", "0.00935000"], ["59227.00000000", "0.17222000"], ["56040.00000000", "0.06261000"], ["52646.41000000", "0.00013000"], ["42000.00000000", "49.04387000"], ["33000.00000000", "18.97485000"], ["32904.00000000", "0.00036000"], ["29510.80000000", "0.16943000"]], "a": [["65808.02000000", "1.48065000"], ["65808.26000000", "0.00000000"], ["65809.10000000", "0.00000000"], ["65809.66000000", "0.00000000"], ["65809.84000000", "0.00000000"], ["65810.26000000", "0.00000000"], ["65810.76000000", "0.09119000"], ["65810.77000000", "0.15194000"], ["65811.75000000", "0.00000000"], ["65811.76000000", "0.00000000"], ["65811.77000000", "0.00000000"], ["65811.80000000", "0.00000000"], ["65811.81000000", "0.00000000"], ["65811.82000000", "0.00000000"], ["65811.99000000", "0.00000000"], ["65812.10000000", "0.00000000"], ["65812.50000000", "0.00000000"], ["65813.43000000", "0.00168000"], ["65813.72000000", "0.00000000"], ["65813.73000000", "0.29684000"], ["65813.74000000", "0.49465000"], ["65814.71000000", "0.00000000"], ["65815.68000000", "0.00000000"], ["65815.80000000", "0.00010000"], ["65816.58000000", "0.00010000"], ["65816.97000000", "0.00010000"], ["65817.36000000", "0.00010000"], ["65817.75000000", "0.00010000"], ["65818.14000000", "0.00010000"], ["65818.35000000", "0.00000000"], ["65818.53000000", "0.00010000"], ["65818.92000000", "0.00010000"], ["65819.31000000", "0.00010000"], ["65819.65000000", "0.02974000"], ["65819.70000000", "0.00010000"], ["65820.09000000", "0.00010000"], ["65820.48000000", "0.00010000"], ["65820.87000000", "0.00010000"], ["65821.26000000", "0.00010000"], ["65821.52000000", "0.00000000"], ["65821.65000000", "0.00010000"], ["65822.04000000", "0.00010000"], ["65823.80000000", "0.30382000"], ["65832.47000000", "0.00000000"], ["65833.64000000", "0.00327000"], ["65833.89000000", "0.30378000"], ["65841.34000000", "0.30374000"], ["65846.08000000", "0.00000000"], ["65849.56000000", "3.20193000"], ["65850.59000000", "5.33645000"], ["65878.76000000", "0.01556000"], ["66466.10000000", "0.00000000"], ["66580.37000000", "0.00060000"]], "_doc": "ed6868ec-a871-44d5-a239-5edcaa70bee7"}, {"e": "depthUpdate", "E": 1712070272957, "s": "BTCUSDT", "U": 45296003063, "u": 45296003271, "b": [["65808.01000000", "3.77661000"], ["65807.22000000", "0.00000000"], ["65805.54000000", "0.00152000"], ["65805.27000000", "0.00000000"], ["65804.23000000", "0.00152000"], ["65804.10000000", "0.00000000"], ["65803.71000000", "0.00000000"], ["65803.32000000", "0.00000000"], ["65802.94000000", "0.10660000"], ["65802.93000000", "0.00000000"], ["65802.54000000", "0.00000000"], ["65802.15000000", "0.00000000"], ["65802.00000000", "0.30392000"], ["65801.76000000", "0.00000000"], ["65801.37000000", "0.00000000"], ["65800.98000000", "0.00000000"], ["65800.59000000", "0.00000000"], ["65800.34000000", "0.00000000"], ["65800.31000000", "0.00000000"], ["65800.29000000", "0.00000000"], ["65800.27000000", "0.00000000"], ["65800.25000000", "0.00000000"], ["65800.23000000", "0.00000000"], ["65800.15000000", "0.05000000"], ["65800.00000000", "0.07504000"], ["65799.81000000", "0.00000000"], ["65799.42000000", "0.00000000"], ["65798.87000000", "0.30394000"], ["65791.81000000", "0.00000000"], ["65791.40000000", "0.00000000"], ["65791.33000000", "0.00000000"], ["65791.27000000", "0.00000000"], ["65789.97000000", "0.00000000"], ["65788.67000000", "0.00000000"], ["65788.40000000", "0.04000000"], ["65787.80000000", "0.00000000"], ["65786.73000000", "0.00000000"], ["65786.47000000", "0.00000000"], ["65786.23000000", "0.00000000"], ["65786.17000000", "0.00000000"], ["65785.53000000", "0.00000000"], ["65785.33000000", "0.00000000"], ["65785.27000000", "0.00000000"], ["65784.21000000", "0.30401000"], ["65780.00000000", "0.21292000"], ["65776.75000000", "0.00000000"], ["65771.88000000", "0.00302000"], ["65769.35000000", "0.00000000"], ["65767.44000000", "0.00018000"], ["65765.94000000", "1.00453000"], ["65765.88000000", "0.00010000"], ["65761.76000000", "0.28329000"], ["65757.10000000", "0.00000000"], ["65755.08000000", "0.51283000"], ["65734.53000000", "0.02849000"], ["65729.65000000", "0.00029000"], ["65729.16000000", "0.00302000"], ["65724.31000000", "0.00000000"], ["65721.87000000", "0.00151000"], ["65721.85000000", "0.00000000"], ["65720.48000000", "0.00151000"], ["65720.47000000", "0.12002000"], ["65720.27000000", "0.74152000"], ["65719.50000000", "0.00000000"], ["65705.80000000", "0.20000000"], ["65701.27000000", "0.00000000"], ["65684.65000000", "0.19419000"], ["65682.31000000", "0.00000000"], ["65677.04000000", "0.00058000"], ["65675.16000000", "0.00000000"], ["65669.25000000", "0.00000000"], ["65668.06000000", "1.07249000"], ["65667.23000000", "0.00000000"], ["65662.14000000", "0.00000000"], ["65650.01000000", "0.00302000"], ["65149.93000000", "0.00000000"], ["60000.00000000", "395.67560000"], ["59227.00000000", "0.17222000"], ["57000.00000000", "47.61316000"], ["52646.41000000", "0.00013000"], ["42000.00000000", "49.04487000"], ["33000.00000000", "18.97545000"], ["32904.00000000", "0.00036000"]], "a": [["65808.02000000", "0.72882000"], ["65808.39000000", "0.00370000"], ["65808.61000000", "0.00000000"], ["65808.89000000", "0.00000000"], ["65810.03000000", "0.00000000"], ["65810.23000000", "0.00000000"], ["65810.80000000", "0.00000000"], ["65811.36000000", "0.00000000"], ["65811.37000000", "0.00000000"], ["65811.59000000", "0.00000000"], ["65811.99000000", "0.04152000"], ["65812.12000000", "0.00000000"], ["65813.73000000", "0.00000000"], ["65813.74000000", "0.64658000"], ["65814.71000000", "0.06557000"], ["65815.68000000", "0.00000000"], ["65818.02000000", "0.00018000"], ["65818.35000000", "0.25000000"], ["65821.76000000", "0.00000000"], ["65823.73000000", "0.00000000"], ["65825.81000000", "0.30381000"], ["65830.41000000", "0.00000000"], ["65832.47000000", "0.00327000"], ["65833.89000000", "0.60756000"], ["65841.65000000", "0.00000000"], ["65843.61000000", "0.98896000"], ["65843.99000000", "0.00000000"], ["65845.55000000", "0.00151000"], ["65847.47000000", "0.00128000"], ["65847.48000000", "0.00000000"], ["65865.40000000", "0.00000000"], ["65870.90000000", "0.00000000"], ["65873.21000000", "0.00252000"], ["65874.89000000", "0.00327000"], ["65878.76000000", "0.00000000"], ["65911.40000000", "0.00151000"], ["65912.99000000", "0.00128000"], ["65918.07000000", "0.00000000"], ["65925.89000000", "0.00504000"], ["66005.10000000", "0.23800000"], ["66015.40000000", "0.00029000"], ["66569.27000000", "0.00380000"], ["66569.72000000", "0.00000000"], ["66580.37000000", "0.00000000"], ["66629.48000000", "0.00304000"], ["66629.93000000", "0.00000000"]], "_doc": "af86450c-a6d7-4d4f-9f34-1d2b27d0ff30"}, {"e": "depthUpdate", "E": 1712070271957, "s": "BTCUSDT", "U": 45296002863, "u": 45296003062, "b": [["65808.01000000", "2.71303000"], ["65808.00000000", "0.37300000"], ["65807.61000000", "0.00000000"], ["65806.83000000", "0.00000000"], ["65806.44000000", "0.00000000"], ["65806.05000000", "0.00000000"], ["65805.66000000", "0.00000000"], ["65804.88000000", "0.00000000"], ["65804.49000000", "0.00000000"], ["65804.48000000", "0.00000000"], ["65803.93000000", "0.00000000"], ["65801.79000000", "0.00000000"], ["65801.63000000", "0.00000000"], ["65801.43000000", "0.00000000"], ["65801.42000000", "0.00000000"], ["65801.38000000", "0.00000000"], ["65801.37000000", "0.00010000"], ["65801.36000000", "0.00000000"], ["65801.29000000", "0.00000000"], ["65801.28000000", "0.00000000"], ["65801.27000000", "0.00000000"], ["65801.26000000", "0.00000000"], ["65801.22000000", "0.00075000"], ["65801.20000000", "0.00000000"], ["65800.69000000", "0.49465000"], ["65800.35000000", "0.00000000"], ["65800.31000000", "0.00000000"], ["65800.17000000", "0.00000000"], ["65800.15000000", "0.05000000"], ["65800.10000000", "0.00000000"], ["65799.99000000", "0.00000000"], ["65799.48000000", "0.00008000"], ["65799.03000000", "0.47589000"], ["65796.89000000", "0.30395000"], ["65796.47000000", "0.00000000"], ["65793.87000000", "0.00000000"], ["65793.83000000", "0.04313000"], ["65791.27000000", "0.04000000"], ["65788.13000000", "0.00000000"], ["65786.47000000", "0.00000000"], ["65786.17000000", "0.00000000"], ["65783.24000000", "0.00000000"], ["65776.75000000", "0.30404000"], ["65775.00000000", "0.00010000"], ["65768.61000000", "0.00010000"], ["65768.22000000", "0.00010000"], ["65767.83000000", "0.00010000"], ["65767.44000000", "0.00320000"], ["65767.05000000", "0.00010000"], ["65766.72000000", "0.00000000"], ["65766.66000000", "0.00010000"], ["65766.27000000", "0.00010000"], ["65764.68000000", "0.00000000"], ["65764.58000000", "0.00000000"], ["65742.75000000", "0.00511000"], ["65710.91000000", "0.18263000"], ["65707.39000000", "0.03171000"], ["65700.83000000", "0.00087000"], ["65698.93000000", "0.00000000"], ["65678.14000000", "0.00204000"], ["65670.01000000", "0.00000000"], ["65668.80000000", "0.00000000"], ["65600.00000000", "0.97369000"], ["65149.93000000", "0.00000000"], ["64000.00000000", "106.06513000"], ["62710.45000000", "0.00421000"], ["60543.37000000", "0.00000000"], ["60497.14000000", "0.00303000"], ["59227.21000000", "0.00032000"], ["59227.00000000", "0.17222000"], ["58283.83000000", "0.00335000"], ["52646.41000000", "0.00013000"], ["44444.44000000", "1.00915000"], ["33000.00000000", "18.97485000"], ["32904.00000000", "0.00036000"]], "a": [["65808.02000000", "3.06318000"], ["65808.03000000", "0.02250000"], ["65808.09000000", "0.04500000"], ["65808.86000000", "0.00000000"], ["65809.43000000", "0.00000000"], ["65809.44000000", "0.00000000"], ["65809.55000000", "0.00000000"], ["65809.86000000", "0.00000000"], ["65810.80000000", "0.00152000"], ["65811.36000000", "0.05479000"], ["65811.37000000", "0.09117000"], ["65811.59000000", "0.09117000"], ["65811.99000000", "0.00000000"], ["65813.43000000", "0.00168000"], ["65813.85000000", "0.00010000"], ["65815.68000000", "0.55763000"], ["65816.01000000", "0.00000000"], ["65816.07000000", "0.00000000"], ["65816.19000000", "0.00000000"], ["65821.63000000", "0.00000000"], ["65829.22000000", "0.00000000"], ["65833.88000000", "0.06144000"], ["65839.71000000", "0.45590000"], ["65840.29000000", "0.00000000"], ["65843.71000000", "0.12029000"], ["65843.80000000", "0.00000000"], ["65847.47000000", "0.00000000"], ["65847.48000000", "0.00000000"], ["65852.19000000", "0.29570000"], ["65878.76000000", "0.00000000"], ["65879.35000000", "0.00000000"], ["65887.88000000", "0.00000000"], ["65927.40000000", "0.00000000"], ["65929.93000000", "0.02735000"], ["66005.44000000", "0.00000000"], ["66580.37000000", "0.00060000"]], "_doc": "cf2c84cd-db9f-48db-97f5-f064151be84f"}, {"e": "depthUpdate", "E": 1712070270957, "s": "BTCUSDT", "U": 45296002629, "u": 45296002862, "b": [["65808.01000000", "3.97641000"], ["65808.00000000", "0.44735000"], ["65807.88000000", "0.00000000"], ["65807.61000000", "0.00010000"], ["65807.22000000", "0.00010000"], ["65806.84000000", "0.00000000"], ["65806.83000000", "0.00010000"], ["65806.59000000", "0.00000000"], ["65806.44000000", "0.00010000"], ["65806.05000000", "0.00010000"], ["65806.04000000", "0.00000000"], ["65805.66000000", "0.00010000"], ["65805.54000000", "0.00000000"], ["65805.27000000", "0.00010000"], ["65805.26000000", "0.00000000"], ["65804.88000000", "0.00010000"], ["65804.49000000", "0.00010000"], ["65804.04000000", "1.13663000"], ["65802.94000000", "0.00000000"], ["65802.91000000", "0.00152000"], ["65801.23000000", "0.29166000"], ["65800.65000000", "0.49465000"], ["65799.45000000", "0.00020000"], ["65799.04000000", "0.01247000"], ["65799.03000000", "0.39170000"], ["65796.89000000", "0.60790000"], ["65794.05000000", "0.00000000"], ["65792.48000000", "0.00000000"], ["65791.81000000", "0.30397000"], ["65790.03000000", "0.92078000"], ["65789.60000000", "0.00000000"], ["65788.13000000", "0.04000000"], ["65785.75000000", "0.00000000"], ["65784.37000000", "0.00100000"], ["65781.25000000", "0.65652000"], ["65779.92000000", "0.00000000"], ["65779.01000000", "0.30403000"], ["65774.54000000", "0.91320000"], ["65768.78000000", "0.01245000"], ["65767.69000000", "0.00000000"], ["65766.38000000", "0.00000000"], ["65757.67000000", "0.00000000"], ["65756.60000000", "0.00000000"], ["65754.96000000", "0.03604000"], ["65754.84000000", "0.00000000"], ["65754.27000000", "0.00000000"], ["65751.09000000", "0.34416000"], ["65740.22000000", "0.00000000"], ["65740.21000000", "0.00000000"], ["65737.56000000", "0.07230000"], ["65734.64000000", "0.01563000"], ["65724.31000000", "0.28434000"], ["65720.47000000", "0.00000000"], ["65719.50000000", "0.20000000"], ["65718.65000000", "0.00000000"], ["65718.29000000", "0.00000000"], ["65710.90000000", "0.30435000"], ["65704.10000000", "0.00000000"], ["65702.29000000", "0.00000000"], ["65700.00000000", "0.43189000"], ["65694.74000000", "0.00000000"], ["65652.94000000", "0.00000000"], ["65603.59000000", "0.00000000"], ["65149.93000000", "0.00000000"], ["60543.37000000", "0.00017000"], ["59227.21000000", "0.00016000"], ["59227.00000000", "0.17222000"], ["52646.41000000", "0.00013000"], ["52639.23000000", "0.00000000"], ["33000.00000000", "18.97485000"], ["32904.00000000", "0.00036000"]], "a": [["65808.02000000", "2.09912000"], ["65808.14000000", "0.00000000"], ["65808.25000000", "0.00000000"], ["65809.43000000", "0.09124000"], ["65809.44000000", "0.15194000"], ["65809.86000000", "0.15194000"], ["65810.02000000", "0.00000000"], ["65810.10000000", "0.00000000"], ["65810.11000000", "0.00000000"], ["65810.56000000", "0.00000000"], ["65811.12000000", "0.00010000"], ["65811.32000000", "0.00000000"], ["65811.33000000", "0.00000000"], ["65811.34000000", "0.00000000"], ["65811.35000000", "0.00000000"], ["65811.36000000", "0.00000000"], ["65811.37000000", "0.00000000"], ["65811.86000000", "0.00000000"], ["65811.97000000", "0.00000000"], ["65811.99000000", "0.00000000"], ["65812.12000000", "0.00152000"], ["65812.42000000", "0.00000000"], ["65813.03000000", "0.00000000"], ["65813.73000000", "0.29688000"], ["65814.06000000", "0.15195000"], ["65814.24000000", "0.00010000"], ["65814.63000000", "0.00010000"], ["65814.71000000", "0.00000000"], ["65815.02000000", "0.00010000"], ["65815.41000000", "0.00010000"], ["65815.68000000", "0.11153000"], ["65821.48000000", "0.00000000"], ["65821.76000000", "0.30383000"], ["65822.35000000", "0.00000000"], ["65823.00000000", "0.00000000"], ["65823.48000000", "1.03698000"], ["65823.73000000", "0.30382000"], ["65826.47000000", "0.00000000"], ["65826.70000000", "0.49465000"], ["65826.74000000", "0.00000000"], ["65830.44000000", "0.00100000"], ["65831.40000000", "0.00000000"], ["65833.10000000", "0.36679000"], ["65833.62000000", "0.00000000"], ["65836.12000000", "0.60867000"], ["65840.30000000", "2.09724000"], ["65843.40000000", "0.00298000"], ["65846.32000000", "0.80610000"], ["65847.44000000", "0.00000000"], ["65847.45000000", "0.00000000"], ["65847.48000000", "5.33645000"], ["65849.98000000", "0.00000000"], ["65857.72000000", "0.00900000"], ["65862.54000000", "0.71629000"], ["65867.10000000", "0.30362000"], ["65873.63000000", "0.00000000"], ["65879.35000000", "0.01556000"], ["65881.86000000", "0.31097000"], ["65882.56000000", "0.00000000"], ["65907.57000000", "0.30344000"], ["65915.22000000", "0.00000000"], ["65915.23000000", "0.00000000"], ["65939.17000000", "0.45113000"], ["65983.96000000", "0.00010000"], ["66000.00000000", "3.00716000"], ["66001.10000000", "0.00000000"], ["66015.40000000", "0.23829000"], ["66181.42000000", "0.00000000"], ["66500.00000000", "159.03099000"], ["66580.37000000", "0.00000000"]], "_doc": "eeeb2015-7852-43f1-96fb-537b2cc27f13"}, {"e": "depthUpdate", "E": 1712070269959, "s": "BTCUSDT", "U": 45296000749, "u": 45296002628, "b": [["65808.01000000", "6.54428000"], ["65808.00000000", "0.37108000"], ["65807.99000000", "0.00000000"], ["65807.89000000", "0.00000000"], ["65807.88000000", "0.12991000"], ["65807.60000000", "0.00000000"], ["65807.21000000", "0.00000000"], ["65806.85000000", "0.00000000"], ["65806.84000000", "0.07435000"], ["65806.83000000", "0.00000000"], ["65806.82000000", "0.01519000"], ["65806.59000000", "0.12991000"], ["65806.47000000", "0.00000000"], ["65806.43000000", "0.00000000"], ["65806.04000000", "0.12991000"], ["65805.65000000", "0.00000000"], ["65805.54000000", "0.00152000"], ["65805.53000000", "0.00000000"], ["65805.52000000", "0.00000000"], ["65805.27000000", "0.81519000"], ["65805.26000000", "0.12991000"], ["65804.87000000", "0.00000000"], ["65804.49000000", "0.00010000"], ["65804.48000000", "0.12991000"], ["65804.10000000", "0.00010000"], ["65804.09000000", "0.00000000"], ["65804.07000000", "0.00000000"], ["65804.06000000", "0.00000000"], ["65804.05000000", "0.20000000"], ["65804.04000000", "1.35844000"], ["65804.00000000", "0.06910000"], ["65803.99000000", "0.00000000"], ["65803.94000000", "0.00000000"], ["65803.93000000", "0.12991000"], ["65803.71000000", "0.00010000"], ["65803.70000000", "0.00000000"], ["65803.32000000", "0.00010000"], ["65803.31000000", "0.00000000"], ["65802.95000000", "0.00000000"], ["65802.94000000", "0.10660000"], ["65802.93000000", "0.00010000"], ["65802.89000000", "0.00000000"], ["65802.54000000", "0.00010000"], ["65802.35000000", "0.00000000"], ["65802.15000000", "0.00010000"], ["65801.76000000", "0.00010000"], ["65801.75000000", "0.00000000"], ["65801.67000000", "0.00075000"], ["65801.37000000", "0.00010000"], ["65801.36000000", "0.00000000"], ["65801.28000000", "0.00000000"], ["65801.23000000", "0.00000000"], ["65801.22000000", "0.05075000"], ["65800.98000000", "0.00010000"], ["65800.97000000", "0.00000000"], ["65800.75000000", "0.00000000"], ["65800.73000000", "0.00000000"], ["65800.59000000", "0.00010000"], ["65800.58000000", "0.00000000"], ["65800.20000000", "0.00010000"], ["65800.19000000", "0.00000000"], ["65800.18000000", "0.00000000"], ["65800.06000000", "0.00000000"], ["65800.00000000", "0.06910000"], ["65799.99000000", "0.00000000"], ["65799.82000000", "0.00000000"], ["65799.81000000", "0.00010000"], ["65799.80000000", "0.00000000"], ["65799.54000000", "0.00000000"], ["65799.46000000", "1.33670000"], ["65799.45000000", "0.22201000"], ["65799.44000000", "0.30173000"], ["65799.42000000", "0.00010000"], ["65799.41000000", "0.00000000"], ["65799.30000000", "0.00000000"], ["65799.15000000", "0.10000000"], ["65799.04000000", "0.01153000"], ["65799.03000000", "0.62509000"], ["65799.00000000", "0.00000000"], ["65798.82000000", "1.67420000"], ["65798.00000000", "0.10660000"], ["65797.72000000", "0.00000000"], ["65797.39000000", "0.00000000"], ["65797.08000000", "0.49475000"], ["65796.98000000", "0.53270000"], ["65796.90000000", "0.00000000"], ["65795.92000000", "0.00008000"], ["65795.63000000", "0.00015000"], ["65795.57000000", "0.00000000"], ["65794.30000000", "0.00000000"], ["65794.27000000", "0.38050000"], ["65794.25000000", "0.00018000"], ["65794.05000000", "0.49465000"], ["65793.87000000", "0.04285000"], ["65793.16000000", "0.00000000"], ["65793.07000000", "0.10660000"], ["65792.75000000", "0.30397000"], ["65792.48000000", "0.53270000"], ["65792.29000000", "0.00000000"], ["65791.23000000", "0.00010000"], ["65791.00000000", "0.00000000"], ["65790.35000000", "0.04600000"], ["65790.34000000", "0.00000000"], ["65790.31000000", "0.15233000"], ["65790.03000000", "0.00000000"], ["65789.99000000", "0.82747000"], ["65789.85000000", "0.00000000"], ["65789.60000000", "0.04000000"], ["65788.90000000", "0.00000000"], ["65788.44000000", "0.30583000"], ["65788.15000000", "0.00000000"], ["65788.04000000", "0.00000000"], ["65787.73000000", "0.00000000"], ["65787.36000000", "0.44610000"], ["65787.23000000", "0.00000000"], ["65786.40000000", "0.00000000"], ["65785.76000000", "0.00000000"], ["65785.75000000", "0.65648000"], ["65785.03000000", "0.91321000"], ["65784.43000000", "0.04434000"], ["65784.40000000", "0.38050000"], ["65784.15000000", "0.00000000"], ["65784.00000000", "0.06910000"], ["65783.64000000", "0.00000000"], ["65783.24000000", "0.30401000"], ["65783.19000000", "0.00124000"], ["65782.18000000", "0.00000000"], ["65781.05000000", "0.00000000"], ["65780.53000000", "0.24000000"], ["65779.81000000", "0.00000000"], ["65778.51000000", "0.00000000"], ["65776.45000000", "0.00000000"], ["65776.17000000", "0.00000000"], ["65775.19000000", "0.00000000"], ["65773.90000000", "0.00000000"], ["65773.70000000", "0.00000000"], ["65773.31000000", "0.05073000"], ["65771.87000000", "0.00608000"], ["65771.28000000", "0.15233000"], ["65770.62000000", "0.00000000"], ["65769.35000000", "0.51272000"], ["65769.11000000", "0.00000000"], ["65767.43000000", "0.00000000"], ["65766.38000000", "0.00100000"], ["65765.76000000", "0.00000000"], ["65763.48000000", "0.00000000"], ["65763.16000000", "0.00073000"], ["65762.72000000", "0.00000000"], ["65762.68000000", "0.00000000"], ["65758.24000000", "0.01245000"], ["65758.14000000", "0.06082000"], ["65757.67000000", "0.30413000"], ["65757.10000000", "0.05624000"], ["65756.60000000", "0.04785000"], ["65755.85000000", "0.00000000"], ["65754.84000000", "1.48803000"], ["65754.83000000", "0.00000000"], ["65753.29000000", "0.00760000"], ["65751.13000000", "0.00000000"], ["65749.35000000", "0.00000000"], ["65746.75000000", "0.00000000"], ["65746.74000000", "0.00000000"], ["65746.54000000", "0.00000000"], ["65745.82000000", "0.00000000"], ["65742.73000000", "0.00511000"], ["65738.75000000", "0.00000000"], ["65738.46000000", "0.00000000"], ["65734.53000000", "0.76985000"], ["65733.76000000", "0.11114000"], ["65733.24000000", "0.02200000"], ["65729.80000000", "0.00000000"], ["65729.59000000", "0.00100000"], ["65726.17000000", "0.00000000"], ["65722.95000000", "0.20000000"], ["65718.64000000", "0.04542000"], ["65718.29000000", "0.30431000"], ["65713.55000000", "0.00000000"], ["65712.05000000", "0.00000000"], ["65711.02000000", "0.00000000"], ["65711.01000000", "0.00000000"], ["65710.80000000", "0.00000000"], ["65710.01000000", "0.00000000"], ["65709.48000000", "0.00000000"], ["65682.31000000", "1.07225000"], ["65678.11000000", "0.15197000"], ["65675.16000000", "0.01153000"], ["65667.24000000", "0.00000000"], ["65665.60000000", "5.28489000"], ["65658.79000000", "0.00000000"], ["65625.70000000", "0.00000000"], ["65308.01000000", "0.00000000"], ["65308.00000000", "0.00000000"], ["65307.88000000", "0.00000000"], ["65306.84000000", "0.00000000"], ["65306.83000000", "0.00000000"], ["65306.82000000", "0.00000000"], ["65304.05000000", "0.00000000"], ["65304.04000000", "0.00000000"], ["65303.99000000", "0.00000000"], ["65299.44000000", "0.00000000"], ["65299.03000000", "0.00000000"], ["65149.93000000", "0.00000000"], ["62509.09000000", "0.00319000"], ["59227.00000000", "0.17222000"], ["59219.14000000", "0.00337000"], ["55929.19000000", "0.00357000"], ["52639.24000000", "0.00379000"], ["52639.23000000", "0.00013000"], ["33000.00000000", "18.97485000"], ["32904.00000000", "0.00036000"], ["32899.51000000", "0.00000000"]], "a": [["65799.04000000", "0.00000000"], ["65799.42000000", "0.00000000"], ["65799.81000000", "0.00000000"], ["65800.20000000", "0.00000000"], ["65800.59000000", "0.00000000"], ["65800.98000000", "0.00000000"], ["65801.37000000", "0.00000000"], ["65801.76000000", "0.00000000"], ["65802.15000000", "0.00000000"], ["65802.54000000", "0.00000000"], ["65802.93000000", "0.00000000"], ["65803.32000000", "0.00000000"], ["65803.71000000", "0.00000000"], ["65803.94000000", "0.00000000"], ["65804.00000000", "0.00000000"], ["65804.05000000", "0.00000000"], ["65804.06000000", "0.00000000"], ["65804.10000000", "0.00000000"], ["65804.49000000", "0.00000000"], ["65804.88000000", "0.00000000"], ["65805.27000000", "0.00000000"], ["65805.53000000", "0.00000000"], ["65805.55000000", "0.00000000"], ["65805.66000000", "0.00000000"], ["65806.05000000", "0.00000000"], ["65806.20000000", "0.00000000"], ["65806.44000000", "0.00000000"], ["65806.48000000", "0.00000000"], ["65806.60000000", "0.00000000"], ["65806.83000000", "0.00000000"], ["65806.85000000", "0.00000000"], ["65806.96000000", "0.00000000"], ["65807.22000000", "0.00000000"], ["65807.61000000", "0.00000000"], ["65807.89000000", "0.00000000"], ["65808.00000000", "0.00000000"], ["65808.01000000", "0.00000000"], ["65808.02000000", "1.17953000"], ["65808.10000000", "0.00000000"], ["65808.17000000", "0.00000000"], ["65808.26000000", "0.09632000"], ["65809.01000000", "0.00000000"], ["65809.55000000", "0.00000000"], ["65809.56000000", "0.00010000"], ["65810.08000000", "0.00000000"], ["65810.16000000", "0.00000000"], ["65810.56000000", "0.15194000"], ["65810.80000000", "0.00000000"], ["65811.02000000", "0.00000000"], ["65811.03000000", "0.00000000"], ["65811.04000000", "0.00000000"], ["65811.33000000", "0.00000000"], ["65811.34000000", "0.00000000"], ["65811.40000000", "0.00000000"], ["65811.82000000", "0.00000000"], ["65811.83000000", "0.00000000"], ["65811.97000000", "0.20174000"], ["65811.98000000", "0.00000000"], ["65811.99000000", "0.00000000"], ["65812.14000000", "0.00000000"], ["65812.44000000", "0.00000000"], ["65812.67000000", "0.00000000"], ["65812.68000000", "0.00000000"], ["65812.76000000", "0.00000000"], ["65812.88000000", "0.00000000"], ["65813.03000000", "0.00000000"], ["65813.36000000", "0.00000000"], ["65813.47000000", "0.00000000"], ["65813.61000000", "0.00000000"], ["65813.73000000", "0.00000000"], ["65813.74000000", "0.49465000"], ["65813.81000000", "0.00000000"], ["65813.99000000", "0.00000000"], ["65814.00000000", "0.00000000"], ["65814.06000000", "0.00000000"], ["65814.37000000", "0.00000000"], ["65814.38000000", "0.00000000"], ["65814.45000000", "0.00000000"], ["65814.59000000", "0.00000000"], ["65814.71000000", "0.04148000"], ["65814.72000000", "0.07598000"], ["65814.75000000", "0.00152000"], ["65814.93000000", "0.00000000"], ["65814.94000000", "0.00000000"], ["65815.00000000", "0.00000000"], ["65815.26000000", "0.00000000"], ["65815.59000000", "0.00075000"], ["65815.68000000", "0.00000000"], ["65815.81000000", "0.00000000"], ["65815.95000000", "0.00000000"], ["65816.00000000", "0.06910000"], ["65816.54000000", "0.00000000"], ["65816.64000000", "0.00000000"], ["65817.13000000", "0.00000000"], ["65817.24000000", "0.00000000"], ["65817.41000000", "0.00000000"], ["65817.55000000", "0.00075000"], ["65817.91000000", "0.00000000"], ["65817.97000000", "0.00000000"], ["65818.20000000", "0.00000000"], ["65818.36000000", "0.00000000"], ["65818.40000000", "0.00000000"], ["65818.94000000", "0.00000000"], ["65819.24000000", "0.00000000"], ["65819.36000000", "0.00000000"], ["65819.48000000", "0.00000000"], ["65819.65000000", "0.02974000"], ["65819.67000000", "0.99904000"], ["65820.31000000", "0.01804000"], ["65820.71000000", "0.00000000"], ["65820.74000000", "0.00000000"], ["65820.85000000", "0.00000000"], ["65821.06000000", "0.00000000"], ["65821.34000000", "0.65144000"], ["65821.48000000", "0.49465000"], ["65821.51000000", "0.74280000"], ["65821.63000000", "0.00018000"], ["65821.84000000", "0.00000000"], ["65822.26000000", "0.00000000"], ["65822.28000000", "0.00015000"], ["65822.56000000", "0.00000000"], ["65822.68000000", "0.53270000"], ["65823.06000000", "0.00000000"], ["65823.14000000", "0.00000000"], ["65823.48000000", "0.99698000"], ["65823.49000000", "0.00000000"], ["65823.79000000", "0.00000000"], ["65823.87000000", "0.00000000"], ["65824.07000000", "0.00000000"], ["65824.14000000", "0.00000000"], ["65824.36000000", "0.18000000"], ["65824.47000000", "0.00000000"], ["65824.52000000", "0.00000000"], ["65824.59000000", "0.00000000"], ["65825.02000000", "0.00000000"], ["65825.04000000", "0.00000000"], ["65825.31000000", "0.00000000"], ["65825.58000000", "0.00000000"], ["65825.82000000", "0.00000000"], ["65826.47000000", "0.30381000"], ["65826.50000000", "1.47102000"], ["65826.74000000", "0.04000000"], ["65826.89000000", "0.04361000"], ["65829.21000000", "0.00000000"], ["65829.26000000", "0.00000000"], ["65829.59000000", "0.30380000"], ["65831.44000000", "0.00100000"], ["65831.83000000", "0.29230000"], ["65832.98000000", "0.00465000"], ["65834.24000000", "0.65649000"], ["65834.49000000", "0.01600000"], ["65835.45000000", "0.06717000"], ["65835.55000000", "0.00000000"], ["65836.11000000", "0.00000000"], ["65836.12000000", "0.91244000"], ["65836.91000000", "0.00000000"], ["65836.92000000", "0.00000000"], ["65837.59000000", "0.08224000"], ["65837.70000000", "0.00000000"], ["65837.87000000", "0.00000000"], ["65837.88000000", "0.00000000"], ["65838.09000000", "0.15197000"], ["65838.65000000", "0.00000000"], ["65839.40000000", "0.00000000"], ["65839.61000000", "0.00000000"], ["65839.94000000", "0.75938000"], ["65839.95000000", "1.37476000"], ["65840.29000000", "0.00000000"], ["65841.99000000", "0.00000000"], ["65842.38000000", "0.30374000"], ["65843.80000000", "0.06144000"], ["65845.06000000", "0.04402000"], ["65845.56000000", "0.04488000"], ["65846.08000000", "0.30372000"], ["65846.20000000", "0.04801000"], ["65846.48000000", "0.00000000"], ["65847.45000000", "0.79833000"], ["65848.18000000", "1.67420000"], ["65848.29000000", "0.01285000"], ["65849.28000000", "0.00000000"], ["65849.29000000", "0.00000000"], ["65849.57000000", "0.38050000"], ["65849.87000000", "0.00298000"], ["65849.92000000", "0.00000000"], ["65849.98000000", "5.33645000"], ["65849.99000000", "0.00000000"], ["65850.60000000", "0.15197000"], ["65853.21000000", "0.00000000"], ["65854.59000000", "0.51206000"], ["65857.21000000", "0.00000000"], ["65861.41000000", "0.00000000"], ["65863.38000000", "1.30026000"], ["65864.86000000", "0.03000000"], ["65867.30000000", "0.50151000"], ["65867.68000000", "0.32762000"], ["65869.74000000", "0.15233000"], ["65871.48000000", "0.00000000"], ["65873.63000000", "0.30359000"], ["65874.44000000", "0.00000000"], ["65881.96000000", "0.00000000"], ["65882.56000000", "0.00000000"], ["65889.42000000", "0.44378000"], ["65889.43000000", "0.73962000"], ["65889.99000000", "0.00000000"], ["65902.61000000", "0.00000000"], ["65906.93000000", "0.00000000"], ["65911.41000000", "0.04524000"], ["65915.23000000", "0.30340000"], ["65922.21000000", "0.00000000"], ["65922.72000000", "0.00000000"], ["65926.52000000", "0.17993000"], ["65926.69000000", "0.00000000"], ["65935.23000000", "0.00000000"], ["65941.70000000", "1.06804000"], ["65942.30000000", "0.00451000"], ["65943.11000000", "0.00000000"], ["65947.17000000", "0.00000000"], ["65996.82000000", "0.00000000"], ["66057.81000000", "0.00000000"], ["66062.16000000", "0.02941000"], ["66082.69000000", "0.00000000"], ["66580.37000000", "0.00060000"], ["69500.00000000", "13.14072000"], ["131598.08000000", "0.00302000"]], "_doc": "2d637379-6d51-436a-88ac-fd75c7d2bee8"}, {"e": "depthUpdate", "E": 1712070268957, "s": "BTCUSDT", "U": 45296000543, "u": 45296000748, "b": [["65799.03000000", "5.46590000"], ["65799.00000000", "0.15197000"], ["65798.81000000", "0.00000000"], ["65798.31000000", "0.00000000"], ["65797.80000000", "0.00000000"], ["65796.90000000", "0.18239000"], ["65796.89000000", "0.30395000"], ["65796.33000000", "0.00152000"], ["65796.02000000", "0.86524000"], ["65796.01000000", "1.44191000"], ["65795.58000000", "0.00000000"], ["65793.83000000", "0.00000000"], ["65793.82000000", "0.00000000"], ["65793.16000000", "0.05000000"], ["65792.70000000", "0.15197000"], ["65789.85000000", "0.30398000"], ["65788.95000000", "0.00000000"], ["65787.36000000", "0.44610000"], ["65785.76000000", "0.04600000"], ["65785.75000000", "0.00000000"], ["65785.50000000", "0.00000000"], ["65783.81000000", "0.00000000"], ["65781.25000000", "0.00000000"], ["65780.10000000", "0.00000000"], ["65777.14000000", "0.02974000"], ["65776.45000000", "0.65657000"], ["65776.17000000", "0.30404000"], ["65775.19000000", "0.15197000"], ["65773.90000000", "0.08000000"], ["65773.70000000", "0.08000000"], ["65766.38000000", "0.53370000"], ["65762.85000000", "0.04750000"], ["65762.68000000", "0.15197000"], ["65754.27000000", "2.47998000"], ["65753.99000000", "0.01600000"], ["65751.13000000", "0.30416000"], ["65751.11000000", "0.00000000"], ["65751.10000000", "0.00000000"], ["65747.41000000", "0.05340000"], ["65746.69000000", "0.00000000"], ["65746.28000000", "0.00000000"], ["65744.09000000", "0.00000000"], ["65740.22000000", "0.17550000"], ["65740.21000000", "0.29250000"], ["65712.05000000", "0.00000000"], ["65710.80000000", "0.30435000"], ["65707.52000000", "0.00000000"], ["65704.10000000", "0.20000000"], ["65703.40000000", "0.00000000"], ["65698.90000000", "0.00000000"], ["65697.53000000", "0.01443000"], ["65682.18000000", "0.03056000"], ["65666.20000000", "0.00000000"], ["65653.69000000", "0.00000000"], ["65625.70000000", "0.00000000"], ["65500.00000000", "6.44107000"], ["65141.04000000", "0.00000000"], ["59219.00000000", "0.00141000"], ["52639.23000000", "0.00013000"], ["33000.00000000", "18.97485000"], ["32899.51000000", "0.00036000"]], "a": [["65799.04000000", "0.21543000"], ["65799.99000000", "0.00000000"], ["65800.00000000", "0.00000000"], ["65801.37000000", "0.00010000"], ["65801.38000000", "0.00000000"], ["65801.68000000", "0.00000000"], ["65803.17000000", "0.00000000"], ["65803.18000000", "0.00000000"], ["65805.44000000", "0.00000000"], ["65805.53000000", "0.66870000"], ["65805.54000000", "0.00000000"], ["65806.89000000", "0.00000000"], ["65807.79000000", "0.00000000"], ["65808.17000000", "0.00152000"], ["65809.55000000", "0.09126000"], ["65809.56000000", "0.15204000"], ["65811.40000000", "0.00075000"], ["65812.67000000", "0.00000000"], ["65813.36000000", "0.00075000"], ["65813.61000000", "0.04000000"], ["65814.56000000", "0.00000000"], ["65815.68000000", "0.55763000"], ["65815.94000000", "0.00000000"], ["65815.99000000", "0.00008000"], ["65816.50000000", "0.00000000"], ["65816.76000000", "0.60048000"], ["65817.04000000", "0.00000000"], ["65818.20000000", "0.00015000"], ["65818.36000000", "0.24000000"], ["65821.05000000", "0.00000000"], ["65822.35000000", "0.00000000"], ["65825.04000000", "0.30382000"], ["65825.31000000", "0.00465000"], ["65825.89000000", "0.00000000"], ["65826.77000000", "0.00000000"], ["65828.70000000", "0.00000000"], ["65830.41000000", "0.30379000"], ["65830.52000000", "0.00000000"], ["65831.87000000", "0.00000000"], ["65834.49000000", "0.02885000"], ["65835.75000000", "0.00000000"], ["65836.91000000", "0.00000000"], ["65837.87000000", "0.04485000"], ["65837.88000000", "0.82862000"], ["65839.60000000", "0.00000000"], ["65840.28000000", "0.00000000"], ["65842.31000000", "0.09585000"], ["65844.26000000", "0.00000000"], ["65844.38000000", "0.00000000"], ["65854.22000000", "0.00000000"], ["65857.21000000", "0.00035000"], ["65858.19000000", "0.00000000"], ["65861.40000000", "0.18235000"], ["65872.58000000", "0.00718000"], ["65887.88000000", "0.28307000"], ["65902.61000000", "0.00000000"], ["65922.72000000", "0.15197000"], ["65926.52000000", "0.61849000"], ["65935.23000000", "0.15197000"], ["66001.10000000", "0.23800000"], ["66005.80000000", "0.00000000"]], "_doc": "4bdcba7e-faf4-44a0-8990-ef2a8b4900eb"}, {"e": "depthUpdate", "E": 1712070267960, "s": "BTCUSDT", "U": 45296000271, "u": 45296000542, "b": [["65799.03000000", "5.14545000"], ["65798.81000000", "0.04436000"], ["65798.31000000", "0.04436000"], ["65797.80000000", "0.04436000"], ["65797.65000000", "0.00152000"], ["65796.27000000", "0.00000000"], ["65794.09000000", "0.00000000"], ["65794.02000000", "0.00000000"], ["65794.00000000", "0.00000000"], ["65793.86000000", "0.00000000"], ["65793.82000000", "0.05000000"], ["65793.77000000", "0.00000000"], ["65793.74000000", "0.00000000"], ["65793.23000000", "0.00000000"], ["65792.98000000", "0.00779000"], ["65792.36000000", "0.00008000"], ["65792.01000000", "0.00010000"], ["65790.90000000", "0.94176000"], ["65790.60000000", "1.67420000"], ["65790.03000000", "0.00000000"], ["65789.69000000", "0.00000000"], ["65788.90000000", "0.00015000"], ["65788.44000000", "0.49617000"], ["65788.15000000", "0.71932000"], ["65787.73000000", "0.53270000"], ["65787.36000000", "0.00000000"], ["65786.61000000", "0.00000000"], ["65785.75000000", "0.04600000"], ["65785.74000000", "0.45601000"], ["65783.64000000", "0.15233000"], ["65782.18000000", "0.81129000"], ["65782.06000000", "0.00000000"], ["65781.25000000", "0.65655000"], ["65780.38000000", "0.00000000"], ["65779.81000000", "0.04000000"], ["65777.69000000", "0.00000000"], ["65777.14000000", "0.00000000"], ["65776.11000000", "0.00000000"], ["65775.37000000", "0.00074000"], ["65774.99000000", "0.00228000"], ["65771.61000000", "0.00000000"], ["65768.16000000", "0.29230000"], ["65767.91000000", "0.03500000"], ["65767.69000000", "0.00000000"], ["65767.17000000", "0.00000000"], ["65759.59000000", "0.00000000"], ["65759.04000000", "0.55763000"], ["65756.95000000", "0.00000000"], ["65746.74000000", "0.05624000"], ["65741.47000000", "0.16915000"], ["65734.23000000", "0.03039000"], ["65733.75000000", "0.18512000"], ["65730.98000000", "0.00000000"], ["65720.87000000", "0.00000000"], ["65716.16000000", "0.20000000"], ["65700.00000000", "0.42809000"], ["65691.50000000", "0.00000000"], ["65141.04000000", "0.00000000"], ["65000.00000000", "20.47978000"], ["62500.00000000", "81.74136000"], ["59274.01000000", "0.00000000"], ["59219.00000000", "0.00141000"], ["52639.23000000", "0.00013000"], ["33000.00000000", "18.97485000"], ["32899.51000000", "0.00036000"], ["22634.23000000", "0.00000000"]], "a": [["65799.04000000", "0.72030000"], ["65799.30000000", "0.00000000"], ["65799.31000000", "0.00000000"], ["65799.43000000", "0.00000000"], ["65800.00000000", "0.06910000"], ["65800.07000000", "0.00000000"], ["65801.81000000", "0.00000000"], ["65802.02000000", "0.00000000"], ["65802.03000000", "0.00000000"], ["65802.63000000", "0.00000000"], ["65802.88000000", "0.00000000"], ["65802.90000000", "0.00000000"], ["65803.04000000", "0.00000000"], ["65804.06000000", "0.09336000"], ["65804.68000000", "0.00000000"], ["65805.41000000", "0.00000000"], ["65805.45000000", "0.00000000"], ["65805.53000000", "0.00152000"], ["65805.67000000", "0.00000000"], ["65806.60000000", "0.00008000"], ["65807.00000000", "0.00000000"], ["65807.20000000", "0.00000000"], ["65807.23000000", "0.00000000"], ["65807.31000000", "0.00000000"], ["65807.86000000", "0.00000000"], ["65808.02000000", "0.05630000"], ["65808.22000000", "0.00000000"], ["65809.03000000", "0.00000000"], ["65809.31000000", "0.00000000"], ["65810.14000000", "0.00000000"], ["65812.50000000", "0.00000000"], ["65812.74000000", "0.00000000"], ["65812.80000000", "0.00000000"], ["65813.64000000", "0.00000000"], ["65815.94000000", "0.04000000"], ["65816.49000000", "0.00000000"], ["65816.50000000", "0.10000000"], ["65816.74000000", "0.00000000"], ["65816.77000000", "1.10986000"], ["65816.84000000", "0.00000000"], ["65817.96000000", "0.00000000"], ["65819.36000000", "0.00000000"], ["65819.39000000", "0.00000000"], ["65820.42000000", "0.00000000"], ["65820.71000000", "0.00000000"], ["65821.05000000", "0.30384000"], ["65822.35000000", "0.25000000"], ["65822.46000000", "0.00000000"], ["65822.91000000", "0.00000000"], ["65824.47000000", "0.29230000"], ["65829.31000000", "0.00251000"], ["65829.59000000", "0.00000000"], ["65831.39000000", "1.25850000"], ["65831.40000000", "2.09724000"], ["65831.66000000", "0.00000000"], ["65831.71000000", "0.00000000"], ["65831.78000000", "0.00124000"], ["65831.87000000", "0.15197000"], ["65834.81000000", "0.00000000"], ["65835.55000000", "0.06144000"], ["65835.76000000", "0.00000000"], ["65839.61000000", "0.51217000"], ["65840.28000000", "0.00000000"], ["65840.29000000", "0.30375000"], ["65841.13000000", "0.00000000"], ["65841.14000000", "0.00000000"], ["65844.38000000", "0.15197000"], ["65845.77000000", "0.03500000"], ["65848.09000000", "0.00000000"], ["65848.27000000", "0.00000000"], ["65848.80000000", "0.00000000"], ["65854.22000000", "0.00036000"], ["65857.14000000", "0.44932000"], ["65857.74000000", "0.00000000"], ["65861.10000000", "0.00000000"], ["65870.65000000", "0.00000000"], ["65874.44000000", "0.73979000"], ["65909.08000000", "0.36110000"], ["65909.99000000", "0.00000000"], ["65926.69000000", "1.06828000"], ["66809.00000000", "0.01075000"], ["68000.00000000", "35.57388000"], ["68800.00000000", "6.15971000"], ["74230.00000000", "0.03766000"]], "_doc": "7659f445-5939-46bc-b271-9031c102a3f9"}, {"e": "depthUpdate", "E": 1712070266957, "s": "BTCUSDT", "U": 45295999967, "u": 45296000270, "b": [["65799.03000000", "3.95941000"], ["65798.26000000", "0.00000000"], ["65797.90000000", "0.00000000"], ["65796.47000000", "0.04436000"], ["65796.01000000", "0.13503000"], ["65795.08000000", "0.24338000"], ["65795.02000000", "0.00152000"], ["65793.07000000", "0.10660000"], ["65792.47000000", "0.04436000"], ["65792.29000000", "0.00075000"], ["65792.01000000", "0.02419000"], ["65790.34000000", "0.00075000"], ["65788.80000000", "0.00008000"], ["65788.07000000", "0.00000000"], ["65785.51000000", "0.00000000"], ["65784.15000000", "0.04554000"], ["65780.38000000", "0.04600000"], ["65778.76000000", "0.29945000"], ["65778.06000000", "0.30431000"], ["65777.14000000", "0.00000000"], ["65776.10000000", "0.00000000"], ["65775.26000000", "0.00000000"], ["65773.70000000", "0.24000000"], ["65773.20000000", "0.55763000"], ["65773.18000000", "0.00000000"], ["65772.73000000", "0.00465000"], ["65772.63000000", "0.54799000"], ["65766.97000000", "0.00000000"], ["65766.38000000", "0.00100000"], ["65759.59000000", "0.29230000"], ["65758.45000000", "0.00000000"], ["65752.20000000", "0.00000000"], ["65751.11000000", "1.48806000"], ["65751.10000000", "2.47998000"], ["65749.35000000", "0.00207000"], ["65746.75000000", "0.04785000"], ["65746.69000000", "0.05763000"], ["65746.28000000", "0.01600000"], ["65741.46000000", "0.28177000"], ["65737.02000000", "0.00000000"], ["65730.98000000", "0.05776000"], ["65716.58000000", "0.00000000"], ["65713.54000000", "0.58450000"], ["65712.05000000", "0.00304000"], ["65711.02000000", "0.44507000"], ["65704.30000000", "0.00000000"], ["65698.90000000", "0.20000000"], ["65685.33000000", "0.00000000"], ["65667.24000000", "0.01153000"], ["65666.20000000", "0.15197000"], ["65653.69000000", "0.15197000"], ["65653.42000000", "0.00000000"], ["65650.00000000", "5.07896000"], ["65640.91000000", "0.00000000"], ["65625.70000000", "0.00304000"], ["65603.61000000", "0.00000000"], ["65603.60000000", "0.00000000"], ["65403.41000000", "0.00024000"], ["65400.00000000", "2.39456000"], ["65141.04000000", "0.00000000"], ["64300.00000000", "6.81777000"], ["63000.00000000", "128.93273000"], ["59219.00000000", "0.00141000"], ["52643.24000000", "0.00000000"], ["52639.23000000", "0.00013000"], ["33000.00000000", "18.97485000"], ["32899.51000000", "0.00036000"], ["23722.90000000", "0.00000000"], ["23721.12000000", "0.00000000"], ["23713.92000000", "0.00026000"], ["23698.80000000", "0.00000000"], ["23695.22000000", "0.00000000"], ["23685.33000000", "0.00026000"]], "a": [["65799.04000000", "1.78088000"], ["65799.42000000", "0.00010000"], ["65799.43000000", "0.06724000"], ["65799.81000000", "0.00010000"], ["65800.01000000", "0.00000000"], ["65800.20000000", "0.00010000"], ["65800.21000000", "0.00000000"], ["65800.59000000", "0.00010000"], ["65800.76000000", "0.00000000"], ["65801.29000000", "0.00000000"], ["65801.59000000", "0.00000000"], ["65802.02000000", "0.04146000"], ["65802.03000000", "0.06910000"], ["65802.15000000", "0.00010000"], ["65802.44000000", "0.00000000"], ["65802.45000000", "0.00000000"], ["65802.61000000", "0.00000000"], ["65802.90000000", "0.00152000"], ["65803.04000000", "0.00008000"], ["65803.05000000", "0.00000000"], ["65803.93000000", "0.00000000"], ["65804.05000000", "0.08745000"], ["65804.06000000", "0.09336000"], ["65804.59000000", "0.00000000"], ["65804.68000000", "0.15195000"], ["65805.05000000", "0.00000000"], ["65805.06000000", "0.00000000"], ["65805.44000000", "0.29683000"], ["65805.48000000", "0.00000000"], ["65805.78000000", "0.00000000"], ["65806.17000000", "0.00000000"], ["65806.48000000", "0.49465000"], ["65806.50000000", "0.00000000"], ["65807.20000000", "0.04000000"], ["65807.27000000", "0.00000000"], ["65807.46000000", "0.00000000"], ["65808.01000000", "0.03035000"], ["65808.20000000", "0.00000000"], ["65809.44000000", "0.00000000"], ["65809.57000000", "0.00000000"], ["65809.86000000", "0.00000000"], ["65810.13000000", "0.00000000"], ["65810.14000000", "0.00000000"], ["65810.40000000", "0.00000000"], ["65810.47000000", "0.00000000"], ["65810.74000000", "0.00000000"], ["65810.90000000", "0.00000000"], ["65811.02000000", "0.00018000"], ["65811.07000000", "0.00000000"], ["65811.34000000", "0.74520000"], ["65811.40000000", "0.00000000"], ["65811.47000000", "0.00000000"], ["65811.82000000", "0.54426000"], ["65811.83000000", "0.90709000"], ["65811.91000000", "0.00000000"], ["65812.35000000", "0.00000000"], ["65812.37000000", "0.00000000"], ["65812.44000000", "0.00100000"], ["65812.50000000", "0.08000000"], ["65812.60000000", "0.00000000"], ["65812.75000000", "0.00000000"], ["65813.03000000", "0.66363000"], ["65814.38000000", "0.53270000"], ["65815.04000000", "0.00000000"], ["65815.40000000", "0.00000000"], ["65815.95000000", "0.15233000"], ["65817.50000000", "0.00000000"], ["65817.74000000", "0.10660000"], ["65819.30000000", "0.00000000"], ["65819.31000000", "0.00000000"], ["65819.39000000", "0.30384000"], ["65822.34000000", "0.39517000"], ["65822.35000000", "0.00000000"], ["65823.25000000", "0.00000000"], ["65824.52000000", "0.65660000"], ["65826.18000000", "0.00000000"], ["65826.77000000", "0.01600000"], ["65829.22000000", "0.45592000"], ["65830.08000000", "0.00000000"], ["65831.66000000", "0.30379000"], ["65831.71000000", "0.89743000"], ["65832.64000000", "0.00000000"], ["65834.10000000", "0.00000000"], ["65834.35000000", "0.00000000"], ["65835.75000000", "0.00152000"], ["65836.91000000", "0.00128000"], ["65837.47000000", "0.00000000"], ["65837.70000000", "0.04402000"], ["65839.95000000", "0.53766000"], ["65841.08000000", "0.00000000"], ["65841.14000000", "0.27349000"], ["65843.98000000", "0.00000000"], ["65844.26000000", "0.79991000"], ["65848.27000000", "0.15197000"], ["65852.74000000", "0.00000000"], ["65853.21000000", "0.01179000"], ["65853.50000000", "0.38050000"], ["65854.54000000", "0.00000000"], ["65858.19000000", "0.04477000"], ["65862.54000000", "0.51105000"], ["65864.44000000", "0.00000000"], ["65866.45000000", "0.00000000"], ["65870.65000000", "0.00000000"], ["65884.59000000", "0.03041000"], ["65902.61000000", "0.00280000"], ["65909.08000000", "0.59601000"], ["65918.83000000", "0.00000000"], ["65919.98000000", "0.00000000"], ["65974.45000000", "0.03056000"], ["66003.90000000", "0.00000000"], ["66005.80000000", "0.23800000"], ["66060.73000000", "0.00014000"], ["66580.37000000", "0.00000000"]], "_doc": "496db83a-b669-4668-9a54-f6906d43b4b9"}, {"e": "depthUpdate", "E": 1712070265957, "s": "BTCUSDT", "U": 45295998795, "u": 45295999966, "b": [["65804.05000000", "0.00000000"], ["65804.00000000", "0.00000000"], ["65803.79000000", "0.00000000"], ["65803.73000000", "0.00000000"], ["65803.71000000", "0.00000000"], ["65803.32000000", "0.00000000"], ["65802.93000000", "0.00000000"], ["65802.74000000", "0.00000000"], ["65802.54000000", "0.00000000"], ["65802.44000000", "0.00000000"], ["65802.15000000", "0.00000000"], ["65801.76000000", "0.00000000"], ["65801.37000000", "0.00000000"], ["65800.98000000", "0.00000000"], ["65800.75000000", "0.00000000"], ["65800.73000000", "0.00000000"], ["65800.59000000", "0.00000000"], ["65800.20000000", "0.00000000"], ["65800.18000000", "0.00000000"], ["65800.01000000", "0.00000000"], ["65800.00000000", "0.00000000"], ["65799.82000000", "0.00000000"], ["65799.81000000", "0.00000000"], ["65799.42000000", "0.00000000"], ["65799.04000000", "0.00000000"], ["65799.03000000", "0.60801000"], ["65798.65000000", "0.00000000"], ["65798.27000000", "0.00000000"], ["65798.25000000", "0.00019000"], ["65797.90000000", "0.24081000"], ["65796.33000000", "0.00000000"], ["65796.01000000", "0.22198000"], ["65795.90000000", "0.00000000"], ["65795.84000000", "0.07597000"], ["65795.43000000", "0.00000000"], ["65795.08000000", "0.19902000"], ["65795.02000000", "0.00000000"], ["65794.80000000", "0.00000000"], ["65793.26000000", "0.00000000"], ["65793.08000000", "0.00000000"], ["65792.98000000", "0.00020000"], ["65792.90000000", "0.00000000"], ["65792.38000000", "0.00152000"], ["65792.15000000", "0.00000000"], ["65792.01000000", "0.00010000"], ["65792.00000000", "0.06910000"], ["65791.80000000", "0.00000000"], ["65791.75000000", "0.00000000"], ["65790.89000000", "0.04000000"], ["65790.81000000", "0.00441000"], ["65789.03000000", "0.00000000"], ["65788.81000000", "0.00000000"], ["65788.80000000", "0.00000000"], ["65788.56000000", "0.00000000"], ["65788.07000000", "0.00075000"], ["65787.82000000", "0.01784000"], ["65787.56000000", "0.00000000"], ["65786.61000000", "0.49465000"], ["65785.51000000", "0.00075000"], ["65785.29000000", "0.00000000"], ["65785.23000000", "0.00000000"], ["65782.96000000", "0.00000000"], ["65782.63000000", "0.00000000"], ["65782.38000000", "0.00000000"], ["65782.23000000", "0.00000000"], ["65781.24000000", "0.04183000"], ["65780.10000000", "1.46022000"], ["65779.88000000", "0.00000000"], ["65779.08000000", "1.19993000"], ["65778.76000000", "0.00000000"], ["65778.06000000", "0.00000000"], ["65776.70000000", "0.00000000"], ["65776.44000000", "0.49465000"], ["65774.01000000", "0.00000000"], ["65773.97000000", "0.00000000"], ["65773.21000000", "0.00000000"], ["65773.20000000", "0.44610000"], ["65773.18000000", "0.79249000"], ["65772.63000000", "0.00000000"], ["65772.11000000", "0.00000000"], ["65771.77000000", "0.00000000"], ["65771.68000000", "0.91321000"], ["65771.61000000", "0.02000000"], ["65771.29000000", "0.00000000"], ["65770.58000000", "0.00100000"], ["65769.98000000", "0.00000000"], ["65769.91000000", "0.00000000"], ["65769.37000000", "0.00000000"], ["65768.67000000", "0.00000000"], ["65768.51000000", "0.00000000"], ["65768.08000000", "0.00000000"], ["65767.69000000", "0.65666000"], ["65767.67000000", "0.00000000"], ["65767.44000000", "0.00310000"], ["65767.17000000", "0.30408000"], ["65766.97000000", "0.06000000"], ["65765.76000000", "0.04582000"], ["65764.94000000", "0.00000000"], ["65764.57000000", "0.04000000"], ["65763.16000000", "0.00819000"], ["65762.17000000", "0.00700000"], ["65761.26000000", "0.12304000"], ["65759.04000000", "1.09033000"], ["65755.85000000", "0.27396000"], ["65754.83000000", "0.38050000"], ["65754.82000000", "0.00000000"], ["65754.37000000", "0.00000000"], ["65754.17000000", "0.00000000"], ["65754.06000000", "0.00760000"], ["65753.29000000", "0.01506000"], ["65750.00000000", "0.02037000"], ["65746.01000000", "0.00000000"], ["65744.41000000", "0.00000000"], ["65743.75000000", "0.00000000"], ["65743.53000000", "0.00000000"], ["65742.66000000", "0.00000000"], ["65741.58000000", "0.00760000"], ["65738.75000000", "0.00511000"], ["65738.64000000", "0.00000000"], ["65737.02000000", "0.01600000"], ["65733.72000000", "0.00000000"], ["65733.47000000", "0.00000000"], ["65729.15000000", "0.17227000"], ["65728.09000000", "0.00000000"], ["65726.70000000", "0.13782000"], ["65726.65000000", "0.00000000"], ["65707.52000000", "0.28198000"], ["65681.62000000", "0.00000000"], ["65681.55000000", "0.00000000"], ["65681.48000000", "0.00000000"], ["65681.41000000", "0.00000000"], ["65681.34000000", "0.00000000"], ["65681.27000000", "0.00000000"], ["65681.20000000", "0.00000000"], ["65681.13000000", "0.00000000"], ["65681.06000000", "0.00000000"], ["65680.99000000", "0.00000000"], ["65680.92000000", "0.00000000"], ["65680.85000000", "0.00000000"], ["65680.78000000", "0.00000000"], ["65680.71000000", "0.00000000"], ["65680.64000000", "0.00000000"], ["65665.93000000", "0.00000000"], ["65663.89000000", "0.00000000"], ["65642.33000000", "0.00000000"], ["65640.91000000", "0.15196000"], ["65625.69000000", "0.14817000"], ["65603.61000000", "0.00152000"], ["65533.13000000", "0.00000000"], ["65529.84000000", "0.02720000"], ["65146.01000000", "0.00000000"], ["65145.70000000", "0.00000000"], ["65141.04000000", "0.00000000"], ["64008.02000000", "0.00000000"], ["61666.00000000", "4.02294000"], ["61287.00000000", "0.00489000"], ["60524.83000000", "0.00000000"], ["59219.00000000", "0.00141000"], ["59000.00000000", "229.67165000"], ["57220.91000000", "0.00000000"], ["52646.40000000", "0.00000000"], ["52643.24000000", "0.00013000"], ["33000.00000000", "18.97485000"], ["32902.02000000", "0.00000000"], ["32899.51000000", "0.00036000"]], "a": [["65799.04000000", "9.17645000"], ["65799.31000000", "0.20000000"], ["65799.42000000", "0.15197000"], ["65799.43000000", "0.51966000"], ["65799.62000000", "0.00000000"], ["65799.72000000", "0.00000000"], ["65799.81000000", "0.00000000"], ["65799.82000000", "0.00000000"], ["65799.83000000", "0.00000000"], ["65800.00000000", "0.06910000"], ["65800.01000000", "0.01519000"], ["65800.02000000", "0.00000000"], ["65800.07000000", "0.20000000"], ["65800.19000000", "0.00000000"], ["65800.20000000", "0.00000000"], ["65800.21000000", "0.13009000"], ["65800.40000000", "0.00000000"], ["65800.59000000", "0.00000000"], ["65800.60000000", "0.00000000"], ["65800.73000000", "0.00000000"], ["65800.74000000", "0.00000000"], ["65800.75000000", "0.00000000"], ["65800.76000000", "0.20111000"], ["65800.98000000", "0.00010000"], ["65800.99000000", "0.00000000"], ["65801.17000000", "0.00000000"], ["65801.29000000", "0.75764000"], ["65801.37000000", "0.00010000"], ["65801.38000000", "0.00000000"], ["65801.52000000", "0.00000000"], ["65801.59000000", "0.00152000"], ["65801.76000000", "0.00010000"], ["65801.77000000", "0.00000000"], ["65802.15000000", "0.57123000"], ["65802.16000000", "0.00000000"], ["65802.25000000", "0.00000000"], ["65802.35000000", "0.00000000"], ["65802.44000000", "0.07102000"], ["65802.45000000", "0.13009000"], ["65802.54000000", "0.00010000"], ["65802.55000000", "0.00000000"], ["65802.61000000", "0.00000000"], ["65802.75000000", "0.00000000"], ["65802.88000000", "0.00759000"], ["65802.93000000", "0.00010000"], ["65802.94000000", "0.00000000"], ["65803.05000000", "0.95173000"], ["65803.32000000", "0.00010000"], ["65803.33000000", "0.00000000"], ["65803.34000000", "0.00000000"], ["65803.49000000", "0.00000000"], ["65803.71000000", "0.00010000"], ["65803.72000000", "0.00000000"], ["65803.73000000", "0.00000000"], ["65803.74000000", "0.00000000"], ["65803.80000000", "0.00000000"], ["65803.81000000", "0.00000000"], ["65803.94000000", "0.20000000"], ["65804.00000000", "0.06910000"], ["65804.01000000", "0.00000000"], ["65804.05000000", "0.00000000"], ["65804.06000000", "0.22345000"], ["65804.10000000", "0.00010000"], ["65804.49000000", "0.00010000"], ["65804.88000000", "0.00010000"], ["65805.05000000", "0.12003000"], ["65805.28000000", "0.00000000"], ["65805.48000000", "0.02974000"], ["65805.55000000", "0.20000000"], ["65805.78000000", "0.01812000"], ["65806.60000000", "0.00008000"], ["65806.89000000", "0.00075000"], ["65806.96000000", "0.00014000"], ["65807.79000000", "0.00075000"], ["65807.86000000", "0.10660000"], ["65808.01000000", "0.00000000"], ["65808.10000000", "0.07597000"], ["65808.88000000", "0.00020000"], ["65809.44000000", "0.24000000"], ["65809.86000000", "0.15233000"], ["65810.00000000", "0.00061000"], ["65810.08000000", "0.38050000"], ["65810.13000000", "0.62351000"], ["65810.50000000", "0.00449000"], ["65810.94000000", "0.00000000"], ["65811.91000000", "0.10000000"], ["65812.01000000", "0.00000000"], ["65812.05000000", "0.00000000"], ["65812.80000000", "0.10660000"], ["65812.82000000", "0.00000000"], ["65814.00000000", "0.87515000"], ["65814.75000000", "0.00000000"], ["65814.90000000", "0.00000000"], ["65815.04000000", "0.30386000"], ["65815.26000000", "1.67420000"], ["65815.46000000", "0.00040000"], ["65815.89000000", "0.00000000"], ["65816.01000000", "0.02250000"], ["65816.03000000", "0.00000000"], ["65816.44000000", "0.00000000"], ["65816.49000000", "0.29230000"], ["65816.64000000", "0.00100000"], ["65817.50000000", "0.01600000"], ["65817.96000000", "0.00251000"], ["65817.97000000", "0.38050000"], ["65819.99000000", "0.00000000"], ["65820.42000000", "0.00124000"], ["65820.43000000", "0.00000000"], ["65820.71000000", "0.30384000"], ["65820.98000000", "0.00000000"], ["65821.09000000", "0.00000000"], ["65822.35000000", "0.25000000"], ["65822.47000000", "0.00000000"], ["65822.91000000", "0.51230000"], ["65823.25000000", "0.15196000"], ["65823.90000000", "0.00000000"], ["65826.19000000", "0.00000000"], ["65826.50000000", "0.00000000"], ["65829.59000000", "0.05721000"], ["65829.74000000", "0.45660000"], ["65830.08000000", "0.04402000"], ["65831.71000000", "1.00452000"], ["65832.21000000", "0.00000000"], ["65833.64000000", "0.00000000"], ["65834.10000000", "5.33629000"], ["65835.76000000", "0.15196000"], ["65835.78000000", "0.00000000"], ["65836.81000000", "0.00000000"], ["65837.55000000", "0.00000000"], ["65837.99000000", "0.00000000"], ["65838.65000000", "0.04512000"], ["65839.40000000", "0.03599000"], ["65839.73000000", "0.00000000"], ["65841.12000000", "0.00000000"], ["65841.19000000", "0.00000000"], ["65842.87000000", "0.00000000"], ["65843.62000000", "0.38050000"], ["65846.42000000", "0.00000000"], ["65846.48000000", "0.50000000"], ["65848.10000000", "0.00000000"], ["65848.29000000", "0.00000000"], ["65849.28000000", "0.03599000"], ["65849.99000000", "0.20354000"], ["65854.57000000", "0.30407000"], ["65856.29000000", "0.00000000"], ["65857.43000000", "0.00000000"], ["65857.66000000", "0.00000000"], ["65857.74000000", "0.73998000"], ["65860.24000000", "0.00000000"], ["65861.45000000", "0.00000000"], ["65861.59000000", "0.00000000"], ["65864.44000000", "0.00000000"], ["65866.64000000", "0.00000000"], ["65866.85000000", "0.00000000"], ["65870.84000000", "0.00000000"], ["65872.58000000", "0.28776000"], ["65877.24000000", "0.15206000"], ["65882.95000000", "0.00000000"], ["65887.13000000", "0.20000000"], ["65894.90000000", "0.00000000"], ["65907.73000000", "0.00000000"], ["65909.99000000", "1.06855000"], ["65934.91000000", "0.32512000"], ["65935.23000000", "0.00000000"], ["65996.44000000", "0.00000000"], ["65997.41000000", "0.00000000"], ["66057.81000000", "0.02895000"], ["66071.56000000", "0.00000000"], ["66580.37000000", "0.00060000"]], "_doc": "3f823477-9f94-4d6b-9ece-a18178e3f9ff"}