[{"e": "aggTrade", "E": 1712070279364, "a": 2111731265, "s": "BTCUSDT", "p": "65841.50", "q": "0.002", "f": 4828134141, "l": 4828134141, "T": 1712070279244, "m": true, "_doc": "9b4aa15e-111f-4787-a76c-cbc6f650119b"}, {"e": "aggTrade", "E": 1712070279245, "a": 2111731264, "s": "BTCUSDT", "p": "65841.60", "q": "0.204", "f": 4828134138, "l": 4828134140, "T": 1712070279120, "m": false, "_doc": "4050566d-b4a0-4268-b3a3-dbdc032bd695"}, {"e": "aggTrade", "E": 1712070279107, "a": 2111731263, "s": "BTCUSDT", "p": "65842.60", "q": "1.127", "f": 4828134128, "l": 4828134137, "T": 1712070278953, "m": true, "_doc": "da56524f-a75c-4082-a4b9-cbe525c8a3e5"}, {"e": "aggTrade", "E": 1712070278773, "a": 2111731262, "s": "BTCUSDT", "p": "65843.50", "q": "0.102", "f": 4828134126, "l": 4828134127, "T": 1712070278619, "m": true, "_doc": "3f2d97d3-4bd9-4bec-8674-529e20c39b21"}, {"e": "aggTrade", "E": 1712070278622, "a": 2111731261, "s": "BTCUSDT", "p": "65845.40", "q": "0.045", "f": 4828134124, "l": 4828134125, "T": 1712070278579, "m": true, "_doc": "d8c55c8b-ab9e-41fe-8815-fae6256592ad"}, {"e": "aggTrade", "E": 1712070278582, "a": 2111731260, "s": "BTCUSDT", "p": "65845.50", "q": "0.002", "f": 4828134123, "l": 4828134123, "T": 1712070278578, "m": true, "_doc": "a767f919-7027-4d1b-997a-9dd3ba21959f"}, {"e": "aggTrade", "E": 1712070278581, "a": 2111731259, "s": "BTCUSDT", "p": "65846.00", "q": "0.002", "f": 4828134122, "l": 4828134122, "T": 1712070278578, "m": true, "_doc": "2e331bdc-2677-4ad1-a7eb-75c125944e01"}, {"e": "aggTrade", "E": 1712070278581, "a": 2111731258, "s": "BTCUSDT", "p": "65846.80", "q": "0.002", "f": 4828134121, "l": 4828134121, "T": 1712070278578, "m": true, "_doc": "1b63ec7e-d4b8-47ce-b6fc-6e0d232389c5"}, {"e": "aggTrade", "E": 1712070278581, "a": 2111731257, "s": "BTCUSDT", "p": "65846.90", "q": "0.186", "f": 4828134111, "l": 4828134120, "T": 1712070278484, "m": true, "_doc": "1243cdaa-3d2d-42bd-8c1e-fbe48fdf985c"}, {"e": "aggTrade", "E": 1712070278485, "a": 2111731256, "s": "BTCUSDT", "p": "65847.00", "q": "1.044", "f": 4828134110, "l": 4828134110, "T": 1712070278331, "m": false, "_doc": "b571eb27-a800-4985-a2ea-be2459352ee4"}, {"e": "aggTrade", "E": 1712070278320, "a": 2111731255, "s": "BTCUSDT", "p": "65847.00", "q": "0.025", "f": 4828134108, "l": 4828134109, "T": 1712070278165, "m": false, "_doc": "03665da5-3abc-4b2f-abb7-652982167cc0"}, {"e": "aggTrade", "E": 1712070278316, "a": 11234644, "s": "BTCUSDC", "p": "65858.6", "q": "0.011", "f": 17380801, "l": 17380801, "T": 1712070278161, "m": false, "_doc": "110b6825-a32c-4382-b69e-189c0cd6679a"}, {"e": "aggTrade", "E": 1712070278045, "a": 2111731254, "s": "BTCUSDT", "p": "65847.00", "q": "0.125", "f": 4828134106, "l": 4828134107, "T": 1712070277892, "m": false, "_doc": "e76c9fdf-076b-4eca-9514-cc28825648df"}, {"e": "aggTrade", "E": 1712070277894, "a": 2111731253, "s": "BTCUSDT", "p": "65846.90", "q": "0.002", "f": 4828134105, "l": 4828134105, "T": 1712070277788, "m": true, "_doc": "546e720a-b62f-4252-b23b-fd34d291c0bb"}, {"e": "aggTrade", "E": 1712070277791, "a": 2111731252, "s": "BTCUSDT", "p": "65847.00", "q": "0.037", "f": 4828134103, "l": 4828134104, "T": 1712070277671, "m": false, "_doc": "8addca3e-5c3d-4a62-ae17-c0a1d5a77128"}, {"e": "aggTrade", "E": 1712070277674, "a": 2111731251, "s": "BTCUSDT", "p": "65846.90", "q": "0.190", "f": 4828134099, "l": 4828134102, "T": 1712070277600, "m": true, "_doc": "f9ce7f24-bda7-4c35-a2c3-93899a6ab4fc"}, {"e": "aggTrade", "E": 1712070277466, "a": 2111731250, "s": "BTCUSDT", "p": "65846.90", "q": "0.201", "f": 4828134097, "l": 4828134098, "T": 1712070277314, "m": true, "_doc": "a713a744-bd7c-49fc-a7cd-a55993194c40"}, {"e": "aggTrade", "E": 1712070277315, "a": 2111731249, "s": "BTCUSDT", "p": "65847.00", "q": "0.045", "f": 4828134094, "l": 4828134096, "T": 1712070277191, "m": false, "_doc": "a0a5615d-8b58-4931-bdcb-73302b0aaa7c"}, {"e": "aggTrade", "E": 1712070277189, "a": 2111731248, "s": "BTCUSDT", "p": "65847.00", "q": "0.147", "f": 4828134080, "l": 4828134093, "T": 1712070277036, "m": false, "_doc": "74788a11-1220-477b-9618-de80a2f54c8a"}, {"e": "aggTrade", "E": 1712070277083, "a": 11234643, "s": "BTCUSDC", "p": "65852.8", "q": "0.047", "f": 17380800, "l": 17380800, "T": 1712070276928, "m": false, "_doc": "b06c7a0b-0d7f-4a73-be30-7edeb660a0e8"}, {"e": "aggTrade", "E": 1712070277038, "a": 2111731247, "s": "BTCUSDT", "p": "65846.90", "q": "0.002", "f": 4828134079, "l": 4828134079, "T": 1712070277029, "m": true, "_doc": "f918ba51-9035-4fb9-880d-224a80305a83"}, {"e": "aggTrade", "E": 1712070277033, "a": 2111731246, "s": "BTCUSDT", "p": "65847.00", "q": "0.065", "f": 4828134078, "l": 4828134078, "T": 1712070276935, "m": false, "_doc": "5e388e72-ef3a-4edd-9353-5753db25ae00"}, {"e": "aggTrade", "E": 1712070276937, "a": 2111731245, "s": "BTCUSDT", "p": "65846.90", "q": "1.297", "f": 4828134077, "l": 4828134077, "T": 1712070276935, "m": false, "_doc": "92933be0-e798-4a47-88fd-0fe3faeb0da6"}, {"e": "aggTrade", "E": 1712070276937, "a": 2111731244, "s": "BTCUSDT", "p": "65846.00", "q": "0.012", "f": 4828134075, "l": 4828134076, "T": 1712070276935, "m": false, "_doc": "f1945f66-1fce-4ee3-89bb-407a2a2f7192"}, {"e": "aggTrade", "E": 1712070276937, "a": 2111731243, "s": "BTCUSDT", "p": "65845.50", "q": "0.004", "f": 4828134073, "l": 4828134074, "T": 1712070276935, "m": false, "_doc": "1572a43f-8a22-4ae7-aed6-9dcf71ebbc61"}, {"e": "aggTrade", "E": 1712070276937, "a": 2111731242, "s": "BTCUSDT", "p": "65845.20", "q": "0.004", "f": 4828134072, "l": 4828134072, "T": 1712070276933, "m": false, "_doc": "4472ac91-f6df-4166-a118-9afa270d0c30"}, {"e": "aggTrade", "E": 1712070276936, "a": 2111731241, "s": "BTCUSDT", "p": "65844.80", "q": "0.628", "f": 4828134059, "l": 4828134071, "T": 1712070276930, "m": false, "_doc": "b70792c1-d0b1-407c-b5a9-baa5bdfed6cc"}, {"e": "aggTrade", "E": 1712070276933, "a": 2111731240, "s": "BTCUSDT", "p": "65844.70", "q": "0.376", "f": 4828134057, "l": 4828134058, "T": 1712070276928, "m": false, "_doc": "85191d92-5f7a-4cd0-aa68-469b93239fae"}, {"e": "aggTrade", "E": 1712070276932, "a": 2111731239, "s": "BTCUSDT", "p": "65844.70", "q": "0.005", "f": 4828134055, "l": 4828134056, "T": 1712070276785, "m": false, "_doc": "cbbeb97b-b5f3-4f77-a0dc-29564c86dd62"}, {"e": "aggTrade", "E": 1712070276790, "a": 2111731238, "s": "BTCUSDT", "p": "65844.60", "q": "0.027", "f": 4828134053, "l": 4828134054, "T": 1712070276785, "m": false, "_doc": "f517b7a2-bddb-4417-be16-95ab216b7475"}, {"e": "aggTrade", "E": 1712070276788, "a": 2111731237, "s": "BTCUSDT", "p": "65844.10", "q": "0.015", "f": 4828134051, "l": 4828134052, "T": 1712070276630, "m": false, "_doc": "4acfeab6-3c0d-440c-b54f-6dcd1f92d51a"}, {"e": "aggTrade", "E": 1712070276636, "a": 2111731236, "s": "BTCUSDT", "p": "65843.90", "q": "0.362", "f": 4828134050, "l": 4828134050, "T": 1712070276599, "m": true, "_doc": "b9c40eba-c5eb-4a6e-b100-8b64ea2cad69"}, {"e": "aggTrade", "E": 1712070276603, "a": 2111731235, "s": "BTCUSDT", "p": "65843.50", "q": "0.002", "f": 4828134049, "l": 4828134049, "T": 1712070276596, "m": false, "_doc": "3445e9d2-151f-4948-91f6-115abf44b90a"}, {"e": "aggTrade", "E": 1712070276600, "a": 2111731234, "s": "BTCUSDT", "p": "65843.00", "q": "0.010", "f": 4828134048, "l": 4828134048, "T": 1712070276596, "m": false, "_doc": "cfccad7d-9d58-4142-bdab-456af69d2d3d"}, {"e": "aggTrade", "E": 1712070276600, "a": 2111731233, "s": "BTCUSDT", "p": "65842.00", "q": "0.010", "f": 4828134047, "l": 4828134047, "T": 1712070276596, "m": false, "_doc": "f81d12ae-eaaf-45da-ba32-742af5bd7407"}, {"e": "aggTrade", "E": 1712070276600, "a": 2111731232, "s": "BTCUSDT", "p": "65841.80", "q": "0.004", "f": 4828134046, "l": 4828134046, "T": 1712070276596, "m": false, "_doc": "3613a092-0d2b-481c-99b3-38b7ef29ae09"}, {"e": "aggTrade", "E": 1712070276600, "a": 2111731231, "s": "BTCUSDT", "p": "65841.70", "q": "0.006", "f": 4828134042, "l": 4828134045, "T": 1712070276596, "m": false, "_doc": "a9710801-54c5-40ba-b668-e8128a2bfcc7"}, {"e": "aggTrade", "E": 1712070276599, "a": 2111731230, "s": "BTCUSDT", "p": "65841.60", "q": "0.226", "f": 4828134028, "l": 4828134041, "T": 1712070276590, "m": false, "_doc": "471912cc-96a4-4905-910f-8891e2d14cb4"}, {"e": "aggTrade", "E": 1712070276592, "a": 2111731229, "s": "BTCUSDT", "p": "65841.50", "q": "0.003", "f": 4828134026, "l": 4828134027, "T": 1712070276576, "m": true, "_doc": "7aadf69b-0cb9-4207-a9a6-f0114a571ea9"}, {"e": "aggTrade", "E": 1712070276579, "a": 2111731228, "s": "BTCUSDT", "p": "65841.60", "q": "0.007", "f": 4828134025, "l": 4828134025, "T": 1712070276443, "m": false, "_doc": "84bf6b91-e754-4e54-95ec-6b26e8587f74"}, {"e": "aggTrade", "E": 1712070276446, "a": 2111731227, "s": "BTCUSDT", "p": "65841.50", "q": "0.020", "f": 4828134019, "l": 4828134024, "T": 1712070276345, "m": true, "_doc": "a7d07897-cce4-4850-a255-fe3c5df8a9f2"}, {"e": "aggTrade", "E": 1712070276349, "a": 2111731226, "s": "BTCUSDT", "p": "65841.50", "q": "0.122", "f": 4828134014, "l": 4828134018, "T": 1712070276196, "m": true, "_doc": "bcf1bbc4-8bf8-410f-be23-89b0eda88bcf"}, {"e": "aggTrade", "E": 1712070276199, "a": 2111731225, "s": "BTCUSDT", "p": "65841.60", "q": "0.025", "f": 4828134011, "l": 4828134013, "T": 1712070276118, "m": false, "_doc": "019837a6-c2b7-4ef5-8118-7a45b93ef218"}, {"e": "aggTrade", "E": 1712070276056, "a": 2111731224, "s": "BTCUSDT", "p": "65841.60", "q": "0.106", "f": 4828134004, "l": 4828134010, "T": 1712070275902, "m": false, "_doc": "6e6a527c-6ac0-40da-aa55-c0370588ba88"}, {"e": "aggTrade", "E": 1712070275905, "a": 2111731223, "s": "BTCUSDT", "p": "65841.50", "q": "0.002", "f": 4828134003, "l": 4828134003, "T": 1712070275819, "m": true, "_doc": "aacd29a0-a885-4bee-b17b-dc54c8d7f9ea"}, {"e": "aggTrade", "E": 1712070275730, "a": 2111731222, "s": "BTCUSDT", "p": "65841.50", "q": "0.003", "f": 4828134002, "l": 4828134002, "T": 1712070275575, "m": true, "_doc": "46c89563-0b2b-4afb-adb5-4056b0806a3b"}, {"e": "aggTrade", "E": 1712070275424, "a": 2111731221, "s": "BTCUSDT", "p": "65841.60", "q": "0.100", "f": 4828133998, "l": 4828134001, "T": 1712070275270, "m": false, "_doc": "179e885b-80a1-438d-a9db-c4d6d49b1c82"}, {"e": "aggTrade", "E": 1712070275273, "a": 2111731220, "s": "BTCUSDT", "p": "65841.50", "q": "0.122", "f": 4828133994, "l": 4828133997, "T": 1712070275174, "m": true, "_doc": "d016e90c-8fba-4744-b7e4-9a51c8c7fdeb"}, {"e": "aggTrade", "E": 1712070275079, "a": 11234642, "s": "BTCUSDC", "p": "65855.9", "q": "0.003", "f": 17380799, "l": 17380799, "T": 1712070274925, "m": true, "_doc": "5fd1b6ec-279e-487c-9669-86d536ac9b30"}, {"e": "aggTrade", "E": 1712070275077, "a": 2111731219, "s": "BTCUSDT", "p": "65841.60", "q": "0.006", "f": 4828133993, "l": 4828133993, "T": 1712070274924, "m": false, "_doc": "981028e1-313b-44e4-840c-bd44ce65ea90"}, {"e": "aggTrade", "E": 1712070274875, "a": 2111731218, "s": "BTCUSDT", "p": "65841.60", "q": "0.177", "f": 4828133990, "l": 4828133992, "T": 1712070274722, "m": false, "_doc": "a92233d8-4dc6-43d7-8f59-0f8bf749b4fb"}, {"e": "aggTrade", "E": 1712070274633, "a": 2111731217, "s": "BTCUSDT", "p": "65841.60", "q": "0.009", "f": 4828133989, "l": 4828133989, "T": 1712070274479, "m": false, "_doc": "9b191c90-4867-4373-9809-23582f2ebfd8"}, {"e": "aggTrade", "E": 1712070274428, "a": 2111731216, "s": "BTCUSDT", "p": "65841.60", "q": "0.091", "f": 4828133983, "l": 4828133988, "T": 1712070274273, "m": false, "_doc": "d0bf8be4-b101-4685-92fc-cd1cf24c41b8"}, {"e": "aggTrade", "E": 1712070274277, "a": 2111731215, "s": "BTCUSDT", "p": "65841.50", "q": "0.122", "f": 4828133982, "l": 4828133982, "T": 1712070274218, "m": true, "_doc": "ba9e97c6-ea93-421f-8c24-5ebf96f11365"}, {"e": "aggTrade", "E": 1712070274221, "a": 2111731214, "s": "BTCUSDT", "p": "65841.50", "q": "0.002", "f": 4828133981, "l": 4828133981, "T": 1712070274113, "m": true, "_doc": "f3982a49-0197-4804-b40d-de801cadfaf7"}, {"e": "aggTrade", "E": 1712070274116, "a": 2111731213, "s": "BTCUSDT", "p": "65841.60", "q": "0.053", "f": 4828133978, "l": 4828133980, "T": 1712070273989, "m": false, "_doc": "f0589107-a450-41be-a43e-ae0a085fbd0f"}, {"e": "aggTrade", "E": 1712070273992, "a": 2111731212, "s": "BTCUSDT", "p": "65841.00", "q": "0.038", "f": 4828133964, "l": 4828133977, "T": 1712070273914, "m": false, "_doc": "afda3976-8a8a-4deb-a892-e43349712525"}, {"e": "aggTrade", "E": 1712070273915, "a": 2111731211, "s": "BTCUSDT", "p": "65840.90", "q": "0.002", "f": 4828133963, "l": 4828133963, "T": 1712070273913, "m": true, "_doc": "112cda53-20ee-4675-800d-ca17bc4c1c0d"}, {"e": "aggTrade", "E": 1712070273914, "a": 2111731210, "s": "BTCUSDT", "p": "65841.00", "q": "0.091", "f": 4828133962, "l": 4828133962, "T": 1712070273886, "m": false, "_doc": "3f660f5d-f952-47a7-a530-4cd3f8153cc4"}, {"e": "aggTrade", "E": 1712070273890, "a": 2111731209, "s": "BTCUSDT", "p": "65840.90", "q": "0.010", "f": 4828133961, "l": 4828133961, "T": 1712070273869, "m": true, "_doc": "1316092d-3557-4ca1-8397-4ac30162c70e"}, {"e": "aggTrade", "E": 1712070273873, "a": 2111731208, "s": "BTCUSDT", "p": "65841.00", "q": "0.388", "f": 4828133953, "l": 4828133960, "T": 1712070273784, "m": false, "_doc": "bb84a493-d2ce-4dd7-976f-82be97793e69"}, {"e": "aggTrade", "E": 1712070273561, "a": 2111731207, "s": "BTCUSDT", "p": "65841.00", "q": "0.005", "f": 4828133951, "l": 4828133952, "T": 1712070273406, "m": false, "_doc": "6bab98b4-f91b-4344-afce-5279897f5974"}, {"e": "aggTrade", "E": 1712070273410, "a": 2111731206, "s": "BTCUSDT", "p": "65840.90", "q": "0.042", "f": 4828133950, "l": 4828133950, "T": 1712070273326, "m": true, "_doc": "563e7d7c-bc16-4d80-be9a-b628be58d2e5"}, {"e": "aggTrade", "E": 1712070273328, "a": 2111731205, "s": "BTCUSDT", "p": "65840.90", "q": "0.173", "f": 4828133948, "l": 4828133949, "T": 1712070273223, "m": true, "_doc": "09ea5fb2-b1e2-4e06-8f80-ebe8f78e5f82"}, {"e": "aggTrade", "E": 1712070273225, "a": 2111731204, "s": "BTCUSDT", "p": "65841.00", "q": "0.131", "f": 4828133945, "l": 4828133947, "T": 1712070273107, "m": false, "_doc": "64442859-07a8-4fcf-90f3-7c5c1b724fc2"}, {"e": "aggTrade", "E": 1712070273109, "a": 2111731203, "s": "BTCUSDT", "p": "65840.90", "q": "0.015", "f": 4828133944, "l": 4828133944, "T": 1712070273022, "m": true, "_doc": "e3d2b3dc-8405-4c12-961b-de4f2153b079"}, {"e": "aggTrade", "E": 1712070273025, "a": 2111731202, "s": "BTCUSDT", "p": "65841.00", "q": "0.227", "f": 4828133936, "l": 4828133943, "T": 1712070273015, "m": false, "_doc": "429fb03b-d84e-493e-9df2-5ecd86a438c9"}, {"e": "aggTrade", "E": 1712070272920, "a": 2111731201, "s": "BTCUSDT", "p": "65841.00", "q": "0.344", "f": 4828133929, "l": 4828133935, "T": 1712070272766, "m": false, "_doc": "db9cbf05-0569-4f41-809b-1f35169f6254"}, {"e": "aggTrade", "E": 1712070272555, "a": 2111731200, "s": "BTCUSDT", "p": "65840.90", "q": "0.010", "f": 4828133927, "l": 4828133928, "T": 1712070272401, "m": true, "_doc": "68610712-5ded-4c65-8934-5e0436b2ac14"}, {"e": "aggTrade", "E": 1712070272404, "a": 2111731199, "s": "BTCUSDT", "p": "65840.90", "q": "0.008", "f": 4828133925, "l": 4828133926, "T": 1712070272285, "m": true, "_doc": "717905f4-347e-4af7-9de0-583f364f3175"}, {"e": "aggTrade", "E": 1712070272247, "a": 2111731198, "s": "BTCUSDT", "p": "65840.90", "q": "0.124", "f": 4828133923, "l": 4828133924, "T": 1712070272094, "m": true, "_doc": "0c81f714-1249-4db2-bb56-7009f7c4548e"}, {"e": "aggTrade", "E": 1712070272092, "a": 2111731197, "s": "BTCUSDT", "p": "65841.00", "q": "0.001", "f": 4828133922, "l": 4828133922, "T": 1712070271938, "m": false, "_doc": "35faeff8-e2d4-482d-b260-0585f77dda7c"}, {"e": "aggTrade", "E": 1712070271941, "a": 2111731196, "s": "BTCUSDT", "p": "65840.90", "q": "0.026", "f": 4828133921, "l": 4828133921, "T": 1712070271892, "m": true, "_doc": "68599e69-6ca5-41c3-9173-6a560a871841"}, {"e": "aggTrade", "E": 1712070271895, "a": 2111731195, "s": "BTCUSDT", "p": "65840.90", "q": "0.002", "f": 4828133920, "l": 4828133920, "T": 1712070271791, "m": true, "_doc": "0befb0a1-2561-430a-9454-f041b8f952f0"}, {"e": "aggTrade", "E": 1712070271794, "a": 2111731194, "s": "BTCUSDT", "p": "65841.00", "q": "0.002", "f": 4828133919, "l": 4828133919, "T": 1712070271776, "m": false, "_doc": "adfc0e8d-44f1-4323-aaa3-4bc9572c3c4a"}, {"e": "aggTrade", "E": 1712070271779, "a": 2111731193, "s": "BTCUSDT", "p": "65841.00", "q": "0.022", "f": 4828133917, "l": 4828133918, "T": 1712070271643, "m": false, "_doc": "f86a04b1-20bb-4a68-999b-2581e3bacb76"}, {"e": "aggTrade", "E": 1712070271645, "a": 2111731192, "s": "BTCUSDT", "p": "65840.90", "q": "0.009", "f": 4828133916, "l": 4828133916, "T": 1712070271632, "m": true, "_doc": "a03f9017-820b-4a92-ade7-3b662df1eb26"}, {"e": "aggTrade", "E": 1712070271634, "a": 2111731191, "s": "BTCUSDT", "p": "65841.40", "q": "0.002", "f": 4828133915, "l": 4828133915, "T": 1712070271587, "m": true, "_doc": "9fd75c88-8199-453c-846b-c7fb09b20e06"}, {"e": "aggTrade", "E": 1712070271590, "a": 2111731190, "s": "BTCUSDT", "p": "65841.50", "q": "0.484", "f": 4828133912, "l": 4828133914, "T": 1712070271484, "m": true, "_doc": "6059d9b8-6541-4043-837c-2e236839b444"}, {"e": "aggTrade", "E": 1712070271488, "a": 2111731189, "s": "BTCUSDT", "p": "65841.60", "q": "0.009", "f": 4828133911, "l": 4828133911, "T": 1712070271469, "m": false, "_doc": "e40f0f19-9ac8-4f63-a3b8-b9c9afa907df"}, {"e": "aggTrade", "E": 1712070271473, "a": 2111731188, "s": "BTCUSDT", "p": "65841.60", "q": "0.015", "f": 4828133910, "l": 4828133910, "T": 1712070271346, "m": false, "_doc": "b6d56c19-2fa4-4e1a-9386-52bc4c18f947"}, {"e": "aggTrade", "E": 1712070271376, "a": 2111731187, "s": "BTCUSDT", "p": "65841.50", "q": "0.095", "f": 4828133906, "l": 4828133909, "T": 1712070271247, "m": true, "_doc": "20920bb5-83ba-4201-b29f-41247e82b072"}, {"e": "aggTrade", "E": 1712070271226, "a": 2111731186, "s": "BTCUSDT", "p": "65841.50", "q": "0.017", "f": 4828133905, "l": 4828133905, "T": 1712070271072, "m": true, "_doc": "19a4c814-2686-4d04-ba07-1ff84cd8c763"}, {"e": "aggTrade", "E": 1712070271075, "a": 2111731185, "s": "BTCUSDT", "p": "65841.60", "q": "0.036", "f": 4828133902, "l": 4828133904, "T": 1712070270935, "m": false, "_doc": "37d957e4-8b77-415a-a7b9-668d4dd0bb00"}, {"e": "aggTrade", "E": 1712070270881, "a": 2111731184, "s": "BTCUSDT", "p": "65841.60", "q": "0.120", "f": 4828133898, "l": 4828133901, "T": 1712070270728, "m": false, "_doc": "b8e5310c-840a-428f-9ea0-a8a5ef5fc63b"}, {"e": "aggTrade", "E": 1712070270730, "a": 2111731183, "s": "BTCUSDT", "p": "65841.60", "q": "0.185", "f": 4828133897, "l": 4828133897, "T": 1712070270667, "m": true, "_doc": "5fcbf91b-166d-4a4a-a305-238ca0aa8384"}, {"e": "aggTrade", "E": 1712070270670, "a": 2111731182, "s": "BTCUSDT", "p": "65842.00", "q": "0.002", "f": 4828133896, "l": 4828133896, "T": 1712070270667, "m": true, "_doc": "abcc8077-1cd6-4733-8d2d-eda8c3a29007"}, {"e": "aggTrade", "E": 1712070270670, "a": 2111731181, "s": "BTCUSDT", "p": "65842.20", "q": "0.002", "f": 4828133895, "l": 4828133895, "T": 1712070270667, "m": true, "_doc": "eb25886d-6e8d-4cca-8bfd-470bea748862"}, {"e": "aggTrade", "E": 1712070270670, "a": 2111731180, "s": "BTCUSDT", "p": "65842.80", "q": "0.002", "f": 4828133894, "l": 4828133894, "T": 1712070270667, "m": true, "_doc": "1f2b6854-373b-4161-99db-09382c814d77"}, {"e": "aggTrade", "E": 1712070270670, "a": 2111731179, "s": "BTCUSDT", "p": "65844.00", "q": "0.408", "f": 4828133889, "l": 4828133893, "T": 1712070270667, "m": true, "_doc": "15029248-5ff4-4ce2-b1a0-0c7ba3faec22"}, {"e": "aggTrade", "E": 1712070270668, "a": 2111731178, "s": "BTCUSDT", "p": "65844.10", "q": "0.033", "f": 4828133887, "l": 4828133888, "T": 1712070270593, "m": false, "_doc": "68b2a9a9-28f0-43e3-ac61-c93ac692b2ab"}, {"e": "aggTrade", "E": 1712070270659, "a": 11234641, "s": "BTCUSDC", "p": "65856.0", "q": "0.002", "f": 17380798, "l": 17380798, "T": 1712070270505, "m": false, "_doc": "625594fa-f09b-45a4-b55a-6b768993e199"}, {"e": "aggTrade", "E": 1712070270596, "a": 2111731177, "s": "BTCUSDT", "p": "65844.00", "q": "0.061", "f": 4828133886, "l": 4828133886, "T": 1712070270565, "m": true, "_doc": "7d4ca433-c46f-4413-a381-0ea2f77ec9f2"}, {"e": "aggTrade", "E": 1712070270568, "a": 2111731176, "s": "BTCUSDT", "p": "65844.10", "q": "0.091", "f": 4828133884, "l": 4828133885, "T": 1712070270453, "m": true, "_doc": "29c41151-9eec-4351-b910-b5f4643d4088"}, {"e": "aggTrade", "E": 1712070270457, "a": 2111731175, "s": "BTCUSDT", "p": "65844.60", "q": "0.002", "f": 4828133883, "l": 4828133883, "T": 1712070270453, "m": true, "_doc": "bef3d515-aa6e-42f3-bb8d-6b13454205e2"}, {"e": "aggTrade", "E": 1712070270457, "a": 2111731174, "s": "BTCUSDT", "p": "65844.70", "q": "0.889", "f": 4828133876, "l": 4828133882, "T": 1712070270446, "m": true, "_doc": "d9e35528-98e4-46d3-adeb-e36760541220"}, {"e": "aggTrade", "E": 1712070270305, "a": 2111731173, "s": "BTCUSDT", "p": "65844.70", "q": "0.007", "f": 4828133875, "l": 4828133875, "T": 1712070270152, "m": true, "_doc": "bb7231e6-b83d-45a1-881e-9f0b850fb99d"}, {"e": "aggTrade", "E": 1712070270153, "a": 2111731172, "s": "BTCUSDT", "p": "65844.70", "q": "1.041", "f": 4828133863, "l": 4828133874, "T": 1712070269998, "m": true, "_doc": "4e728faf-3bfe-43ae-bf63-f532d0cd72c6"}, {"e": "aggTrade", "E": 1712070269907, "a": 2111731171, "s": "BTCUSDT", "p": "65844.80", "q": "0.009", "f": 4828133861, "l": 4828133862, "T": 1712070269753, "m": false, "_doc": "99ce9da6-48f0-46d0-b84c-68e6f6147947"}, {"e": "aggTrade", "E": 1712070269667, "a": 2111731170, "s": "BTCUSDT", "p": "65844.80", "q": "0.011", "f": 4828133859, "l": 4828133860, "T": 1712070269512, "m": false, "_doc": "61b23e13-47bc-4228-94e0-96e272520922"}, {"e": "aggTrade", "E": 1712070269516, "a": 2111731169, "s": "BTCUSDT", "p": "65844.70", "q": "0.031", "f": 4828133858, "l": 4828133858, "T": 1712070269386, "m": true, "_doc": "29c73dfd-d5d2-4c6b-b54e-4522db3704be"}, {"e": "aggTrade", "E": 1712070269336, "a": 2111731168, "s": "BTCUSDT", "p": "65844.70", "q": "0.945", "f": 4828133854, "l": 4828133857, "T": 1712070269181, "m": true, "_doc": "e4292ee8-1d63-427c-9034-2f810dbc49fc"}, {"e": "aggTrade", "E": 1712070269185, "a": 2111731167, "s": "BTCUSDT", "p": "65844.80", "q": "0.048", "f": 4828133853, "l": 4828133853, "T": 1712070269120, "m": false, "_doc": "afc811db-f059-4d0b-80f7-0a5f36dcec18"}, {"e": "aggTrade", "E": 1712070269165, "a": 11234640, "s": "BTCUSDC", "p": "65848.0", "q": "0.010", "f": 17380796, "l": 17380797, "T": 1712070269011, "m": false, "_doc": "2648333e-ba92-4e8b-be29-b54dabb787d4"}, {"e": "aggTrade", "E": 1712070269122, "a": 2111731166, "s": "BTCUSDT", "p": "65844.20", "q": "0.004", "f": 4828133852, "l": 4828133852, "T": 1712070269094, "m": false, "_doc": "489b5dd4-21a4-47a0-afec-1a6d6d356a73"}, {"e": "aggTrade", "E": 1712070269097, "a": 2111731165, "s": "BTCUSDT", "p": "65843.80", "q": "0.002", "f": 4828133851, "l": 4828133851, "T": 1712070269094, "m": false, "_doc": "6899fba2-6fdb-4579-8ce7-3c6f1b662181"}, {"e": "aggTrade", "E": 1712070269097, "a": 2111731164, "s": "BTCUSDT", "p": "65843.70", "q": "0.016", "f": 4828133850, "l": 4828133850, "T": 1712070269078, "m": false, "_doc": "b87510a2-b59b-487b-9993-d28a35b069ff"}, {"e": "aggTrade", "E": 1712070269080, "a": 2111731163, "s": "BTCUSDT", "p": "65843.40", "q": "0.002", "f": 4828133849, "l": 4828133849, "T": 1712070269078, "m": false, "_doc": "7fce8c06-336d-42ac-9097-150e971a84af"}, {"e": "aggTrade", "E": 1712070269080, "a": 2111731162, "s": "BTCUSDT", "p": "65842.10", "q": "0.010", "f": 4828133848, "l": 4828133848, "T": 1712070269056, "m": false, "_doc": "05f0d5c8-9387-4ce5-b592-913577b8c8dd"}, {"e": "aggTrade", "E": 1712070269059, "a": 2111731161, "s": "BTCUSDT", "p": "65842.00", "q": "0.006", "f": 4828133846, "l": 4828133847, "T": 1712070269056, "m": false, "_doc": "0aaab8d0-b810-43ee-bbdd-7dce498e719e"}, {"e": "aggTrade", "E": 1712070269059, "a": 2111731160, "s": "BTCUSDT", "p": "65841.60", "q": "0.004", "f": 4828133844, "l": 4828133845, "T": 1712070269036, "m": false, "_doc": "ac812791-d962-48be-a5cf-9c04a003f384"}, {"e": "aggTrade", "E": 1712070269039, "a": 2111731159, "s": "BTCUSDT", "p": "65841.30", "q": "0.002", "f": 4828133843, "l": 4828133843, "T": 1712070269036, "m": false, "_doc": "1819c509-8f49-4ee0-8a4f-0a636ed0998b"}, {"e": "aggTrade", "E": 1712070269039, "a": 2111731158, "s": "BTCUSDT", "p": "65841.00", "q": "0.002", "f": 4828133842, "l": 4828133842, "T": 1712070269013, "m": false, "_doc": "afdb6376-7bdf-48e8-b06f-2ce91ebdf0ab"}, {"e": "aggTrade", "E": 1712070269017, "a": 2111731157, "s": "BTCUSDT", "p": "65840.90", "q": "0.137", "f": 4828133837, "l": 4828133841, "T": 1712070269013, "m": false, "_doc": "53218aa4-9193-4838-b79f-e09990056b69"}, {"e": "aggTrade", "E": 1712070269017, "a": 2111731156, "s": "BTCUSDT", "p": "65840.80", "q": "0.501", "f": 4828133835, "l": 4828133836, "T": 1712070269013, "m": false, "_doc": "76d901d4-1f24-4f8d-91bb-459a6a7d0434"}, {"e": "aggTrade", "E": 1712070269017, "a": 2111731155, "s": "BTCUSDT", "p": "65840.00", "q": "0.010", "f": 4828133834, "l": 4828133834, "T": 1712070269013, "m": false, "_doc": "268e1997-d9ae-4f83-87c0-8f6a4526ebc3"}, {"e": "aggTrade", "E": 1712070269017, "a": 2111731154, "s": "BTCUSDT", "p": "65839.80", "q": "1.144", "f": 4828133831, "l": 4828133833, "T": 1712070268995, "m": false, "_doc": "4971ff0a-c637-47dc-aea1-ce4e502f7ac4"}, {"e": "aggTrade", "E": 1712070269000, "a": 2111731153, "s": "BTCUSDT", "p": "65839.40", "q": "0.002", "f": 4828133830, "l": 4828133830, "T": 1712070268995, "m": false, "_doc": "11e28ea5-f2ef-405f-923c-91bb87c86ceb"}, {"e": "aggTrade", "E": 1712070269000, "a": 2111731152, "s": "BTCUSDT", "p": "65838.90", "q": "0.002", "f": 4828133829, "l": 4828133829, "T": 1712070268995, "m": false, "_doc": "185c6018-0b87-4b5d-84df-91854bb80e73"}, {"e": "aggTrade", "E": 1712070269000, "a": 2111731151, "s": "BTCUSDT", "p": "65838.80", "q": "0.024", "f": 4828133828, "l": 4828133828, "T": 1712070268978, "m": false, "_doc": "6d29a00b-437d-4c4e-b29b-7a59633e20e6"}, {"e": "aggTrade", "E": 1712070268930, "a": 2111731150, "s": "BTCUSDT", "p": "65838.80", "q": "1.191", "f": 4828133826, "l": 4828133827, "T": 1712070268775, "m": false, "_doc": "7d1daaa0-c246-4b8a-937b-b5cb28bbe093"}, {"e": "aggTrade", "E": 1712070268779, "a": 2111731149, "s": "BTCUSDT", "p": "65838.70", "q": "2.291", "f": 4828133823, "l": 4828133825, "T": 1712070268775, "m": false, "_doc": "040b200c-9b11-42bf-ad1a-5384c32877d0"}, {"e": "aggTrade", "E": 1712070268779, "a": 2111731148, "s": "BTCUSDT", "p": "65838.60", "q": "0.107", "f": 4828133822, "l": 4828133822, "T": 1712070268775, "m": false, "_doc": "a21cc83d-0fa5-430c-91b6-8d3cdda89a82"}, {"e": "aggTrade", "E": 1712070268779, "a": 2111731147, "s": "BTCUSDT", "p": "65838.50", "q": "0.112", "f": 4828133821, "l": 4828133821, "T": 1712070268775, "m": false, "_doc": "26f2547f-0d7c-49be-a210-224535efd7d0"}, {"e": "aggTrade", "E": 1712070268779, "a": 2111731146, "s": "BTCUSDT", "p": "65838.40", "q": "0.109", "f": 4828133820, "l": 4828133820, "T": 1712070268775, "m": false, "_doc": "f479e704-c0a1-4aa5-bf9f-a66b4d8bce35"}, {"e": "aggTrade", "E": 1712070268779, "a": 2111731145, "s": "BTCUSDT", "p": "65838.00", "q": "0.002", "f": 4828133819, "l": 4828133819, "T": 1712070268775, "m": false, "_doc": "35ca7adf-3cac-44d6-a73c-418bd94a143e"}, {"e": "aggTrade", "E": 1712070268779, "a": 2111731144, "s": "BTCUSDT", "p": "65837.10", "q": "0.002", "f": 4828133818, "l": 4828133818, "T": 1712070268775, "m": false, "_doc": "b7b15cc8-d1bb-4e23-8e20-93c2137f2821"}, {"e": "aggTrade", "E": 1712070268779, "a": 2111731143, "s": "BTCUSDT", "p": "65837.00", "q": "4.186", "f": 4828133784, "l": 4828133817, "T": 1712070268774, "m": false, "_doc": "215cf139-dcc6-44ca-9ee4-bfc725cf725b"}, {"e": "aggTrade", "E": 1712070268769, "a": 2111731142, "s": "BTCUSDT", "p": "65837.00", "q": "0.035", "f": 4828133781, "l": 4828133783, "T": 1712070268614, "m": false, "_doc": "6e71a205-9d98-499d-83ae-6f4bcb6b4280"}, {"e": "aggTrade", "E": 1712070268618, "a": 2111731141, "s": "BTCUSDT", "p": "65836.90", "q": "0.006", "f": 4828133779, "l": 4828133780, "T": 1712070268581, "m": true, "_doc": "a44b3810-37e6-4c34-9b96-9f5983db2a1e"}, {"e": "aggTrade", "E": 1712070268584, "a": 2111731140, "s": "BTCUSDT", "p": "65837.00", "q": "0.002", "f": 4828133778, "l": 4828133778, "T": 1712070268436, "m": false, "_doc": "d1c97b6a-1598-444c-bd8b-34f6ae01669d"}, {"e": "aggTrade", "E": 1712070268382, "a": 2111731139, "s": "BTCUSDT", "p": "65837.00", "q": "0.430", "f": 4828133774, "l": 4828133777, "T": 1712070268228, "m": false, "_doc": "60cfb5db-3ab7-43f0-863d-cd05dee6ddcc"}, {"e": "aggTrade", "E": 1712070268231, "a": 2111731138, "s": "BTCUSDT", "p": "65837.00", "q": "0.004", "f": 4828133772, "l": 4828133773, "T": 1712070268114, "m": false, "_doc": "0042a008-f8e5-45c2-b0c3-89b1097c080a"}, {"e": "aggTrade", "E": 1712070268100, "a": 2111731137, "s": "BTCUSDT", "p": "65836.90", "q": "0.039", "f": 4828133771, "l": 4828133771, "T": 1712070267946, "m": true, "_doc": "311f9016-0fcb-4061-9670-ff4dc49ae848"}, {"e": "aggTrade", "E": 1712070267913, "a": 2111731136, "s": "BTCUSDT", "p": "65836.90", "q": "0.011", "f": 4828133770, "l": 4828133770, "T": 1712070267758, "m": true, "_doc": "9ae50b1a-2d06-4e80-a91b-b6eebdefb392"}, {"e": "aggTrade", "E": 1712070267725, "a": 2111731135, "s": "BTCUSDT", "p": "65836.90", "q": "0.015", "f": 4828133769, "l": 4828133769, "T": 1712070267571, "m": true, "_doc": "dd1cda14-07dc-400d-bd17-5cc085a5122c"}, {"e": "aggTrade", "E": 1712070267574, "a": 2111731134, "s": "BTCUSDT", "p": "65836.70", "q": "0.002", "f": 4828133768, "l": 4828133768, "T": 1712070267449, "m": false, "_doc": "a2de37c7-35e4-4cf2-bc5e-ab32b76d1ca5"}, {"e": "aggTrade", "E": 1712070267453, "a": 2111731133, "s": "BTCUSDT", "p": "65836.50", "q": "0.011", "f": 4828133766, "l": 4828133767, "T": 1712070267449, "m": false, "_doc": "c801bfa9-ed84-44b4-a2cd-2f87520153c7"}, {"e": "aggTrade", "E": 1712070267453, "a": 2111731132, "s": "BTCUSDT", "p": "65836.00", "q": "0.002", "f": 4828133765, "l": 4828133765, "T": 1712070267449, "m": false, "_doc": "4ab7560f-06b3-432a-b96c-fd6756f8aa2c"}, {"e": "aggTrade", "E": 1712070267453, "a": 2111731131, "s": "BTCUSDT", "p": "65835.80", "q": "0.004", "f": 4828133764, "l": 4828133764, "T": 1712070267449, "m": false, "_doc": "1646a4e2-2d53-42de-861e-46e430629c14"}, {"e": "aggTrade", "E": 1712070267453, "a": 2111731130, "s": "BTCUSDT", "p": "65835.30", "q": "0.002", "f": 4828133763, "l": 4828133763, "T": 1712070267449, "m": false, "_doc": "a1f65dac-898e-44db-9d33-0891d85b8be0"}, {"e": "aggTrade", "E": 1712070267453, "a": 2111731129, "s": "BTCUSDT", "p": "65835.00", "q": "0.004", "f": 4828133761, "l": 4828133762, "T": 1712070267449, "m": false, "_doc": "0e1eba5e-c4a8-4209-8155-402c369c8733"}, {"e": "aggTrade", "E": 1712070267453, "a": 2111731128, "s": "BTCUSDT", "p": "65834.80", "q": "0.002", "f": 4828133760, "l": 4828133760, "T": 1712070267449, "m": false, "_doc": "6d11e041-399b-4b49-8292-3bde727b2272"}, {"e": "aggTrade", "E": 1712070267453, "a": 2111731127, "s": "BTCUSDT", "p": "65834.60", "q": "0.002", "f": 4828133759, "l": 4828133759, "T": 1712070267449, "m": false, "_doc": "e6ca067b-eca7-4367-b3c1-287232ee8e52"}, {"e": "aggTrade", "E": 1712070267452, "a": 2111731126, "s": "BTCUSDT", "p": "65834.00", "q": "0.002", "f": 4828133758, "l": 4828133758, "T": 1712070267449, "m": false, "_doc": "62c9f707-7d55-46d1-b9d0-2a267fda56a1"}, {"e": "aggTrade", "E": 1712070267452, "a": 2111731125, "s": "BTCUSDT", "p": "65833.10", "q": "0.142", "f": 4828133752, "l": 4828133757, "T": 1712070267449, "m": false, "_doc": "decda308-36a0-4953-9d60-a99c9daf030d"}, {"e": "aggTrade", "E": 1712070267452, "a": 2111731124, "s": "BTCUSDT", "p": "65832.90", "q": "0.117", "f": 4828133745, "l": 4828133751, "T": 1712070267446, "m": false, "_doc": "3a0a5d3d-c1d3-4793-9fe8-3951781c6bb9"}, {"e": "aggTrade", "E": 1712070267448, "a": 2111731123, "s": "BTCUSDT", "p": "65832.90", "q": "0.006", "f": 4828133744, "l": 4828133744, "T": 1712070267337, "m": false, "_doc": "47d14bd8-5aa3-4ca4-8f7a-4e08e191c330"}, {"e": "aggTrade", "E": 1712070267291, "a": 2111731122, "s": "BTCUSDT", "p": "65832.90", "q": "0.057", "f": 4828133739, "l": 4828133743, "T": 1712070267137, "m": false, "_doc": "d7399dee-aade-4e0c-b19f-5128d83aacf8"}, {"e": "aggTrade", "E": 1712070267140, "a": 2111731121, "s": "BTCUSDT", "p": "65832.80", "q": "0.138", "f": 4828133738, "l": 4828133738, "T": 1712070267103, "m": true, "_doc": "ea9205f5-0619-4f4a-8894-ab33383d0c14"}, {"e": "aggTrade", "E": 1712070267096, "a": 2111731120, "s": "BTCUSDT", "p": "65832.90", "q": "0.010", "f": 4828133737, "l": 4828133737, "T": 1712070266943, "m": false, "_doc": "071eba79-98e6-446e-809c-8bb18f322586"}, {"e": "aggTrade", "E": 1712070266493, "a": 2111731119, "s": "BTCUSDT", "p": "65831.40", "q": "0.062", "f": 4828133705, "l": 4828133736, "T": 1712070266339, "m": false, "_doc": "a45977fd-34df-4397-a8b0-32d534e0dac2"}, {"e": "aggTrade", "E": 1712070266342, "a": 2111731118, "s": "BTCUSDT", "p": "65830.80", "q": "0.061", "f": 4828133704, "l": 4828133704, "T": 1712070266303, "m": false, "_doc": "5c32c722-02d7-459b-948f-de1e87db5322"}, {"e": "aggTrade", "E": 1712070266305, "a": 2111731117, "s": "BTCUSDT", "p": "65830.30", "q": "0.002", "f": 4828133703, "l": 4828133703, "T": 1712070266303, "m": false, "_doc": "a5f275d6-12eb-4505-b094-a4d1430c56b8"}, {"e": "aggTrade", "E": 1712070266305, "a": 2111731116, "s": "BTCUSDT", "p": "65830.10", "q": "0.004", "f": 4828133702, "l": 4828133702, "T": 1712070266303, "m": false, "_doc": "d3e65451-2017-402e-adbd-8fbde469cde4"}, {"e": "aggTrade", "E": 1712070266305, "a": 2111731115, "s": "BTCUSDT", "p": "65830.00", "q": "0.002", "f": 4828133701, "l": 4828133701, "T": 1712070266303, "m": false, "_doc": "a40510b4-4338-4bfc-af8f-3d8c17d9e4ba"}, {"e": "aggTrade", "E": 1712070266305, "a": 2111731114, "s": "BTCUSDT", "p": "65828.90", "q": "0.006", "f": 4828133699, "l": 4828133700, "T": 1712070266303, "m": false, "_doc": "0e138fce-3fbf-484b-963f-5450ab841f34"}, {"e": "aggTrade", "E": 1712070266305, "a": 2111731113, "s": "BTCUSDT", "p": "65828.00", "q": "0.002", "f": 4828133698, "l": 4828133698, "T": 1712070266289, "m": false, "_doc": "aea47bc3-a29d-496f-bda6-84bb50aab663"}, {"e": "aggTrade", "E": 1712070266291, "a": 2111731112, "s": "BTCUSDT", "p": "65826.80", "q": "0.002", "f": 4828133697, "l": 4828133697, "T": 1712070266289, "m": false, "_doc": "cde22a9d-428a-4b08-8cdf-1656105b3ba2"}, {"e": "aggTrade", "E": 1712070266291, "a": 2111731111, "s": "BTCUSDT", "p": "65826.70", "q": "3.605", "f": 4828133676, "l": 4828133696, "T": 1712070266239, "m": false, "_doc": "0af4fe44-03f8-42ad-8586-3276fdd7683f"}, {"e": "aggTrade", "E": 1712070266242, "a": 2111731110, "s": "BTCUSDT", "p": "65826.60", "q": "0.002", "f": 4828133675, "l": 4828133675, "T": 1712070266132, "m": true, "_doc": "e5628ca2-d919-4511-8f69-2a276779db81"}, {"e": "aggTrade", "E": 1712070266133, "a": 2111731109, "s": "BTCUSDT", "p": "65826.70", "q": "0.002", "f": 4828133674, "l": 4828133674, "T": 1712070266078, "m": false, "_doc": "72fcfd82-ba2e-4bec-9f8d-629f94a24501"}, {"e": "aggTrade", "E": 1712070266077, "a": 2111731108, "s": "BTCUSDT", "p": "65826.70", "q": "0.008", "f": 4828133672, "l": 4828133673, "T": 1712070265923, "m": false, "_doc": "8db68608-18d9-408a-9404-76d14e564d67"}, {"e": "aggTrade", "E": 1712070265926, "a": 2111731107, "s": "BTCUSDT", "p": "65826.60", "q": "0.019", "f": 4828133671, "l": 4828133671, "T": 1712070265922, "m": true, "_doc": "c636bfd1-920d-47de-bf15-a38e19e48075"}, {"e": "aggTrade", "E": 1712070265916, "a": 2111731106, "s": "BTCUSDT", "p": "65826.70", "q": "0.022", "f": 4828133670, "l": 4828133670, "T": 1712070265761, "m": true, "_doc": "d5f28652-19e1-4af5-88b0-0299c104494b"}, {"e": "aggTrade", "E": 1712070265765, "a": 2111731105, "s": "BTCUSDT", "p": "65827.30", "q": "0.002", "f": 4828133669, "l": 4828133669, "T": 1712070265761, "m": true, "_doc": "26f96dbb-b21e-4463-8ad1-bf57a25ae242"}, {"e": "aggTrade", "E": 1712070265764, "a": 2111731104, "s": "BTCUSDT", "p": "65827.40", "q": "0.004", "f": 4828133667, "l": 4828133668, "T": 1712070265761, "m": true, "_doc": "7b28e956-d895-4bc0-b605-3b8349515763"}, {"e": "aggTrade", "E": 1712070265764, "a": 2111731103, "s": "BTCUSDT", "p": "65827.80", "q": "0.002", "f": 4828133666, "l": 4828133666, "T": 1712070265761, "m": true, "_doc": "6ae125c4-4cfc-4972-a33d-5d0b4ba2e06c"}, {"e": "aggTrade", "E": 1712070265764, "a": 2111731102, "s": "BTCUSDT", "p": "65828.00", "q": "0.002", "f": 4828133665, "l": 4828133665, "T": 1712070265761, "m": true, "_doc": "3a8bcda3-c7c8-4487-92c4-83c7c3c008da"}, {"e": "aggTrade", "E": 1712070265764, "a": 2111731101, "s": "BTCUSDT", "p": "65828.80", "q": "0.716", "f": 4828133657, "l": 4828133664, "T": 1712070265761, "m": true, "_doc": "1c177526-e3c8-4d7a-9eb1-ad242eb00fb4"}, {"e": "aggTrade", "E": 1712070265764, "a": 2111731100, "s": "BTCUSDT", "p": "65828.90", "q": "0.156", "f": 4828133654, "l": 4828133656, "T": 1712070265610, "m": false, "_doc": "4d6a9902-7b14-4d10-b1b7-491c0ac80fc2"}, {"e": "aggTrade", "E": 1712070265600, "a": 2111731099, "s": "BTCUSDT", "p": "65829.90", "q": "0.007", "f": 4828133652, "l": 4828133653, "T": 1712070265446, "m": true, "_doc": "8b19f878-1179-411b-baae-293ec02534d5"}, {"e": "aggTrade", "E": 1712070265506, "a": 11234639, "s": "BTCUSDC", "p": "65841.3", "q": "0.002", "f": 17380795, "l": 17380795, "T": 1712070265352, "m": true, "_doc": "2d2550a8-b3f8-4c0d-9016-7815660e4dd9"}, {"e": "aggTrade", "E": 1712070265449, "a": 2111731098, "s": "BTCUSDT", "p": "65830.00", "q": "0.002", "f": 4828133651, "l": 4828133651, "T": 1712070265346, "m": true, "_doc": "3d17b10c-bc13-47f3-b06a-38e033f8fe8c"}, {"e": "aggTrade", "E": 1712070265355, "a": 11234638, "s": "BTCUSDC", "p": "65842.2", "q": "0.002", "f": 17380794, "l": 17380794, "T": 1712070265352, "m": true, "_doc": "bf7cdf77-cdd9-43b1-bb5c-d5ec2ea6e73d"}, {"e": "aggTrade", "E": 1712070265355, "a": 11234637, "s": "BTCUSDC", "p": "65842.4", "q": "0.143", "f": 17380793, "l": 17380793, "T": 1712070265347, "m": true, "_doc": "7e0c33db-a3db-4573-b033-e4e0dcafa377"}, {"e": "aggTrade", "E": 1712070265351, "a": 2111731097, "s": "BTCUSDT", "p": "65830.20", "q": "0.002", "f": 4828133650, "l": 4828133650, "T": 1712070265346, "m": true, "_doc": "07b2c8b9-652f-4c20-9448-b21f3d22ca45"}, {"e": "aggTrade", "E": 1712070265351, "a": 2111731096, "s": "BTCUSDT", "p": "65830.50", "q": "0.003", "f": 4828133649, "l": 4828133649, "T": 1712070265346, "m": true, "_doc": "1a143f73-7dce-4661-8bfb-f1bbeb860893"}, {"e": "aggTrade", "E": 1712070265351, "a": 2111731095, "s": "BTCUSDT", "p": "65830.60", "q": "0.002", "f": 4828133648, "l": 4828133648, "T": 1712070265346, "m": true, "_doc": "63a386c5-f34d-419b-b570-cea53bfb9e74"}, {"e": "aggTrade", "E": 1712070265351, "a": 2111731094, "s": "BTCUSDT", "p": "65830.80", "q": "0.002", "f": 4828133647, "l": 4828133647, "T": 1712070265346, "m": true, "_doc": "ffc3146d-9a27-4ace-8c26-c6c53506ff4b"}, {"e": "aggTrade", "E": 1712070265351, "a": 2111731093, "s": "BTCUSDT", "p": "65832.00", "q": "0.002", "f": 4828133646, "l": 4828133646, "T": 1712070265346, "m": true, "_doc": "3a88d78c-d535-489d-bcf1-594598fbc38b"}, {"e": "aggTrade", "E": 1712070265351, "a": 2111731092, "s": "BTCUSDT", "p": "65833.00", "q": "0.244", "f": 4828133637, "l": 4828133645, "T": 1712070265345, "m": true, "_doc": "5f35bb9c-b36a-4b25-b88b-e38ea6f8064d"}, {"e": "aggTrade", "E": 1712070265351, "a": 11234636, "s": "BTCUSDC", "p": "65842.7", "q": "0.002", "f": 17380792, "l": 17380792, "T": 1712070265347, "m": true, "_doc": "bf536ca9-8702-423b-921d-29e8e570e943"}, {"e": "aggTrade", "E": 1712070265351, "a": 11234635, "s": "BTCUSDC", "p": "65842.8", "q": "0.010", "f": 17380790, "l": 17380791, "T": 1712070265347, "m": true, "_doc": "f286e649-4195-4638-9780-93301c85509a"}, {"e": "aggTrade", "E": 1712070265349, "a": 2111731091, "s": "BTCUSDT", "p": "65833.10", "q": "0.303", "f": 4828133636, "l": 4828133636, "T": 1712070265217, "m": false, "_doc": "b55ed6c5-db17-4430-9d21-5b946cb81e04"}, {"e": "aggTrade", "E": 1712070265220, "a": 2111731090, "s": "BTCUSDT", "p": "65833.00", "q": "0.001", "f": 4828133635, "l": 4828133635, "T": 1712070265083, "m": true, "_doc": "b8d0e36c-d8d6-48d6-9085-43d83672c08b"}, {"e": "aggTrade", "E": 1712070265055, "a": 2111731089, "s": "BTCUSDT", "p": "65833.10", "q": "0.001", "f": 4828133634, "l": 4828133634, "T": 1712070264902, "m": false, "_doc": "c4adca24-c0f2-4197-ae9b-19742d9a4ead"}, {"e": "aggTrade", "E": 1712070264904, "a": 2111731088, "s": "BTCUSDT", "p": "65833.00", "q": "0.020", "f": 4828133629, "l": 4828133633, "T": 1712070264841, "m": true, "_doc": "709f79b8-bfc5-4d88-8ad4-0299fda358ef"}, {"e": "aggTrade", "E": 1712070264804, "a": 2111731087, "s": "BTCUSDT", "p": "65833.10", "q": "0.005", "f": 4828133628, "l": 4828133628, "T": 1712070264651, "m": false, "_doc": "2bdb6a38-856b-4b0f-b76e-30e67900682d"}, {"e": "aggTrade", "E": 1712070264653, "a": 2111731086, "s": "BTCUSDT", "p": "65833.10", "q": "0.050", "f": 4828133627, "l": 4828133627, "T": 1712070264512, "m": false, "_doc": "6b8944a6-fa3f-40c7-b2d3-e5b194aefafd"}, {"e": "aggTrade", "E": 1712070264447, "a": 11234634, "s": "BTCUSDC", "p": "65843.9", "q": "0.003", "f": 17380788, "l": 17380789, "T": 1712070264293, "m": true, "_doc": "64edc3e8-0bc7-4780-a668-897f8f6ee8f8"}, {"e": "aggTrade", "E": 1712070264437, "a": 2111731085, "s": "BTCUSDT", "p": "65834.00", "q": "0.002", "f": 4828133626, "l": 4828133626, "T": 1712070264282, "m": true, "_doc": "49af10bc-ac6a-43a1-81bd-678f4f2b0cab"}, {"e": "aggTrade", "E": 1712070264296, "a": 11234633, "s": "BTCUSDC", "p": "65847.9", "q": "0.002", "f": 17380787, "l": 17380787, "T": 1712070264275, "m": true, "_doc": "2a0f5d32-8318-4d23-8677-062ef05a99ac"}, {"e": "aggTrade", "E": 1712070264286, "a": 2111731084, "s": "BTCUSDT", "p": "65834.50", "q": "0.029", "f": 4828133625, "l": 4828133625, "T": 1712070264276, "m": true, "_doc": "bfd0b95b-f3d9-4c89-a3d8-6e1f86fce302"}, {"e": "aggTrade", "E": 1712070264280, "a": 2111731083, "s": "BTCUSDT", "p": "65834.60", "q": "0.045", "f": 4828133623, "l": 4828133624, "T": 1712070264276, "m": true, "_doc": "8358a6c7-89cb-4324-a8ec-5eabe18a24bb"}, {"e": "aggTrade", "E": 1712070264280, "a": 2111731082, "s": "BTCUSDT", "p": "65834.90", "q": "0.035", "f": 4828133622, "l": 4828133622, "T": 1712070264276, "m": true, "_doc": "0e016c04-0088-4bd1-9ac8-e28a5d233255"}, {"e": "aggTrade", "E": 1712070264280, "a": 2111731081, "s": "BTCUSDT", "p": "65835.00", "q": "0.004", "f": 4828133620, "l": 4828133621, "T": 1712070264275, "m": true, "_doc": "b67faa51-6c51-46fa-9bd1-e08c922f18be"}, {"e": "aggTrade", "E": 1712070264278, "a": 2111731080, "s": "BTCUSDT", "p": "65835.60", "q": "0.002", "f": 4828133619, "l": 4828133619, "T": 1712070264275, "m": true, "_doc": "a85d4829-8fa6-4276-b431-1f764bf5cb35"}, {"e": "aggTrade", "E": 1712070264278, "a": 2111731079, "s": "BTCUSDT", "p": "65836.10", "q": "0.119", "f": 4828133618, "l": 4828133618, "T": 1712070264275, "m": true, "_doc": "8d338b93-cb1d-4839-8127-cd6ddec4f985"}, {"e": "aggTrade", "E": 1712070264278, "a": 2111731078, "s": "BTCUSDT", "p": "65836.40", "q": "0.195", "f": 4828133613, "l": 4828133617, "T": 1712070264248, "m": true, "_doc": "acc70139-cd65-4480-80a3-59cc59c2ffc0"}, {"e": "aggTrade", "E": 1712070264276, "a": 11234632, "s": "BTCUSDC", "p": "65848.0", "q": "0.142", "f": 17380786, "l": 17380786, "T": 1712070264275, "m": true, "_doc": "86061fbd-48ae-4dd8-85d8-5936dd3dcfcb"}, {"e": "aggTrade", "E": 1712070264219, "a": 2111731077, "s": "BTCUSDT", "p": "65836.40", "q": "0.006", "f": 4828133611, "l": 4828133612, "T": 1712070264065, "m": true, "_doc": "3ef90805-4e75-412b-b97b-39cd4749058d"}, {"e": "aggTrade", "E": 1712070263975, "a": 2111731076, "s": "BTCUSDT", "p": "65836.50", "q": "0.034", "f": 4828133608, "l": 4828133610, "T": 1712070263819, "m": true, "_doc": "536061d0-a3fb-49d8-ac29-c46acaab5f93"}, {"e": "aggTrade", "E": 1712070263824, "a": 2111731075, "s": "BTCUSDT", "p": "65836.60", "q": "0.002", "f": 4828133607, "l": 4828133607, "T": 1712070263819, "m": true, "_doc": "ebcb7799-8f5b-4149-8f44-900717a06a76"}, {"e": "aggTrade", "E": 1712070263824, "a": 2111731074, "s": "BTCUSDT", "p": "65836.90", "q": "0.007", "f": 4828133606, "l": 4828133606, "T": 1712070263819, "m": true, "_doc": "22462566-3a82-4cf5-a047-927b125755aa"}, {"e": "aggTrade", "E": 1712070263824, "a": 2111731073, "s": "BTCUSDT", "p": "65837.10", "q": "0.004", "f": 4828133604, "l": 4828133605, "T": 1712070263819, "m": true, "_doc": "68ccbf0c-dbf0-4fe9-8aa6-7d03bf54646a"}, {"e": "aggTrade", "E": 1712070263824, "a": 2111731072, "s": "BTCUSDT", "p": "65837.40", "q": "0.002", "f": 4828133603, "l": 4828133603, "T": 1712070263819, "m": true, "_doc": "2a163772-0380-4783-8aea-d632ce89cf00"}, {"e": "aggTrade", "E": 1712070263824, "a": 2111731071, "s": "BTCUSDT", "p": "65837.60", "q": "0.002", "f": 4828133602, "l": 4828133602, "T": 1712070263819, "m": true, "_doc": "a6635cac-ee53-424d-bdb4-8df23798c77d"}, {"e": "aggTrade", "E": 1712070263824, "a": 2111731070, "s": "BTCUSDT", "p": "65838.00", "q": "0.002", "f": 4828133601, "l": 4828133601, "T": 1712070263819, "m": true, "_doc": "347aa954-ef18-4e3f-8faf-a42259521edb"}, {"e": "aggTrade", "E": 1712070263824, "a": 2111731069, "s": "BTCUSDT", "p": "65838.90", "q": "0.002", "f": 4828133600, "l": 4828133600, "T": 1712070263819, "m": true, "_doc": "653b66d9-bd62-41b5-96bc-60bc7be32d63"}, {"e": "aggTrade", "E": 1712070263824, "a": 2111731068, "s": "BTCUSDT", "p": "65840.00", "q": "0.002", "f": 4828133599, "l": 4828133599, "T": 1712070263819, "m": true, "_doc": "67eaa871-91a3-4aec-8ce6-6a57f9cec081"}, {"e": "aggTrade", "E": 1712070263824, "a": 2111731067, "s": "BTCUSDT", "p": "65840.70", "q": "0.002", "f": 4828133598, "l": 4828133598, "T": 1712070263819, "m": true, "_doc": "ec3d0c3f-f63d-413b-98f1-f27940fe187f"}, {"e": "aggTrade", "E": 1712070263824, "a": 2111731066, "s": "BTCUSDT", "p": "65840.80", "q": "0.228", "f": 4828133592, "l": 4828133597, "T": 1712070263819, "m": true, "_doc": "a3d09834-e0b2-454e-ba39-5668e095add5"}, {"e": "aggTrade", "E": 1712070263824, "a": 2111731065, "s": "BTCUSDT", "p": "65840.90", "q": "0.008", "f": 4828133591, "l": 4828133591, "T": 1712070263687, "m": false, "_doc": "70f824bc-75d2-4932-9e03-93978063c316"}, {"e": "aggTrade", "E": 1712070263690, "a": 2111731064, "s": "BTCUSDT", "p": "65840.80", "q": "0.002", "f": 4828133590, "l": 4828133590, "T": 1712070263657, "m": true, "_doc": "1a04cdca-ddff-44f3-b614-fdfc9c4820ed"}, {"e": "aggTrade", "E": 1712070263523, "a": 2111731063, "s": "BTCUSDT", "p": "65840.90", "q": "0.129", "f": 4828133587, "l": 4828133589, "T": 1712070263369, "m": false, "_doc": "5162a034-3ec2-4f2e-91d7-9c87bb39d838"}, {"e": "aggTrade", "E": 1712070263372, "a": 2111731062, "s": "BTCUSDT", "p": "65840.80", "q": "0.002", "f": 4828133586, "l": 4828133586, "T": 1712070263349, "m": true, "_doc": "a57a2550-2afa-492e-b0bc-f57ecf41aa1f"}, {"e": "aggTrade", "E": 1712070263352, "a": 2111731061, "s": "BTCUSDT", "p": "65840.90", "q": "1.466", "f": 4828133582, "l": 4828133585, "T": 1712070263326, "m": false, "_doc": "15ff2668-dc6e-4190-a72c-b460cd63ce9c"}, {"e": "aggTrade", "E": 1712070263314, "a": 2111731060, "s": "BTCUSDT", "p": "65840.80", "q": "0.015", "f": 4828133581, "l": 4828133581, "T": 1712070263160, "m": true, "_doc": "1919468c-bd37-45ce-8c97-340c651cf29f"}, {"e": "aggTrade", "E": 1712070263163, "a": 2111731059, "s": "BTCUSDT", "p": "65840.90", "q": "0.002", "f": 4828133580, "l": 4828133580, "T": 1712070263071, "m": false, "_doc": "911dbb54-daba-4879-8379-11e18e911224"}, {"e": "aggTrade", "E": 1712070263074, "a": 2111731058, "s": "BTCUSDT", "p": "65840.80", "q": "0.032", "f": 4828133578, "l": 4828133579, "T": 1712070263027, "m": true, "_doc": "9e3e2af5-1d52-4a9f-911d-ad5928cfa24f"}, {"e": "aggTrade", "E": 1712070263031, "a": 2111731057, "s": "BTCUSDT", "p": "65840.90", "q": "1.259", "f": 4828133575, "l": 4828133577, "T": 1712070262880, "m": false, "_doc": "e5c19c8e-c5b9-48ea-94b8-e8f725ca132c"}, {"e": "aggTrade", "E": 1712070262883, "a": 2111731056, "s": "BTCUSDT", "p": "65840.80", "q": "0.002", "f": 4828133574, "l": 4828133574, "T": 1712070262817, "m": true, "_doc": "b6790634-e661-49a1-b59b-76e0010fc3d9"}, {"e": "aggTrade", "E": 1712070262882, "a": 11234631, "s": "BTCUSDC", "p": "65855.9", "q": "0.143", "f": 17380785, "l": 17380785, "T": 1712070262728, "m": true, "_doc": "23f9568a-7eae-4c13-b03f-9ba86a9a92d0"}, {"e": "aggTrade", "E": 1712070262821, "a": 2111731055, "s": "BTCUSDT", "p": "65841.00", "q": "0.002", "f": 4828133573, "l": 4828133573, "T": 1712070262817, "m": true, "_doc": "0f73544b-cb25-44cf-b4ce-bb2aa6f1baa0"}, {"e": "aggTrade", "E": 1712070262821, "a": 2111731054, "s": "BTCUSDT", "p": "65841.20", "q": "0.002", "f": 4828133572, "l": 4828133572, "T": 1712070262817, "m": true, "_doc": "509bd01d-b492-456c-85cd-5aa82c3af9c1"}, {"e": "aggTrade", "E": 1712070262821, "a": 2111731053, "s": "BTCUSDT", "p": "65841.30", "q": "0.002", "f": 4828133571, "l": 4828133571, "T": 1712070262817, "m": true, "_doc": "f2580129-9fc4-48c8-96ef-78c9343ed0b2"}, {"e": "aggTrade", "E": 1712070262820, "a": 2111731052, "s": "BTCUSDT", "p": "65842.70", "q": "0.002", "f": 4828133570, "l": 4828133570, "T": 1712070262797, "m": true, "_doc": "e81f75a7-21fd-4ec0-8db2-877493e4dcea"}, {"e": "aggTrade", "E": 1712070262800, "a": 2111731051, "s": "BTCUSDT", "p": "65843.70", "q": "0.002", "f": 4828133569, "l": 4828133569, "T": 1712070262797, "m": true, "_doc": "ac07be22-927e-467e-92e2-b9b08c31e53b"}, {"e": "aggTrade", "E": 1712070262800, "a": 2111731050, "s": "BTCUSDT", "p": "65844.00", "q": "0.002", "f": 4828133568, "l": 4828133568, "T": 1712070262797, "m": true, "_doc": "56ac1d83-b9aa-44a3-9477-cb030c2f1dfb"}, {"e": "aggTrade", "E": 1712070262800, "a": 2111731049, "s": "BTCUSDT", "p": "65844.80", "q": "0.347", "f": 4828133559, "l": 4828133567, "T": 1712070262778, "m": true, "_doc": "55ab38c1-1a9a-426a-8906-1417ff86f670"}, {"e": "aggTrade", "E": 1712070262781, "a": 2111731048, "s": "BTCUSDT", "p": "65844.90", "q": "0.015", "f": 4828133557, "l": 4828133558, "T": 1712070262725, "m": true, "_doc": "0434228d-c336-4320-a017-c8ff9cf0faf6"}, {"e": "aggTrade", "E": 1712070262731, "a": 11234630, "s": "BTCUSDC", "p": "65859.9", "q": "0.012", "f": 17380780, "l": 17380784, "T": 1712070262652, "m": true, "_doc": "088d5269-7e03-4903-a3d3-527959095d2b"}, {"e": "aggTrade", "E": 1712070262728, "a": 2111731047, "s": "BTCUSDT", "p": "65845.00", "q": "0.002", "f": 4828133556, "l": 4828133556, "T": 1712070262725, "m": true, "_doc": "7a23dc2d-424c-4539-bb66-e407f6750203"}, {"e": "aggTrade", "E": 1712070262728, "a": 2111731046, "s": "BTCUSDT", "p": "65845.10", "q": "0.050", "f": 4828133555, "l": 4828133555, "T": 1712070262725, "m": false, "_doc": "cf8cd22a-47bd-422e-92e1-e3ab19b90bf8"}, {"e": "aggTrade", "E": 1712070262728, "a": 2111731045, "s": "BTCUSDT", "p": "65845.40", "q": "0.467", "f": 4828133553, "l": 4828133554, "T": 1712070262722, "m": true, "_doc": "185e52d3-1f11-43c1-b4c9-67a427d0f295"}, {"e": "aggTrade", "E": 1712070262726, "a": 2111731044, "s": "BTCUSDT", "p": "65845.50", "q": "0.182", "f": 4828133552, "l": 4828133552, "T": 1712070262717, "m": false, "_doc": "b46ea58b-0c40-4cc1-9ef4-25ee5ad7072a"}, {"e": "aggTrade", "E": 1712070262720, "a": 2111731043, "s": "BTCUSDT", "p": "65845.40", "q": "0.004", "f": 4828133550, "l": 4828133551, "T": 1712070262680, "m": true, "_doc": "63dfc1d5-f81e-40c3-b3ea-f0447a4293dc"}, {"e": "aggTrade", "E": 1712070262681, "a": 2111731042, "s": "BTCUSDT", "p": "65845.50", "q": "0.006", "f": 4828133549, "l": 4828133549, "T": 1712070262678, "m": false, "_doc": "10967182-dca0-46fe-b4b6-d6099f1d5bd9"}, {"e": "aggTrade", "E": 1712070262680, "a": 2111731041, "s": "BTCUSDT", "p": "65845.50", "q": "0.002", "f": 4828133548, "l": 4828133548, "T": 1712070262652, "m": true, "_doc": "11374a1c-7528-41a6-b354-2ee04de9b000"}, {"e": "aggTrade", "E": 1712070262654, "a": 2111731040, "s": "BTCUSDT", "p": "65846.00", "q": "0.002", "f": 4828133547, "l": 4828133547, "T": 1712070262652, "m": true, "_doc": "69bf0d3e-42d8-4bb4-9d33-8df0b616be57"}, {"e": "aggTrade", "E": 1712070262654, "a": 2111731039, "s": "BTCUSDT", "p": "65846.40", "q": "0.050", "f": 4828133545, "l": 4828133546, "T": 1712070262649, "m": true, "_doc": "eca40131-afdb-4dc3-b926-93026576625a"}, {"e": "aggTrade", "E": 1712070262652, "a": 2111731038, "s": "BTCUSDT", "p": "65846.80", "q": "0.163", "f": 4828133542, "l": 4828133544, "T": 1712070262649, "m": true, "_doc": "cb1687be-53c2-4f47-960f-b858a7eaf8c5"}, {"e": "aggTrade", "E": 1712070262652, "a": 2111731037, "s": "BTCUSDT", "p": "65846.90", "q": "1.568", "f": 4828133511, "l": 4828133541, "T": 1712070262583, "m": true, "_doc": "348917c1-7cf1-4adf-8175-105ec7d5d0d3"}, {"e": "aggTrade", "E": 1712070262586, "a": 2111731036, "s": "BTCUSDT", "p": "65847.00", "q": "0.022", "f": 4828133509, "l": 4828133510, "T": 1712070262461, "m": false, "_doc": "6e3d61f0-2891-4bc0-9e55-793f8d092f07"}, {"e": "aggTrade", "E": 1712070262465, "a": 2111731035, "s": "BTCUSDT", "p": "65846.90", "q": "0.002", "f": 4828133508, "l": 4828133508, "T": 1712070262404, "m": true, "_doc": "f04f6e32-aa31-4cae-972e-b7a817edfd41"}, {"e": "aggTrade", "E": 1712070262406, "a": 2111731034, "s": "BTCUSDT", "p": "65846.90", "q": "3.222", "f": 4828133495, "l": 4828133507, "T": 1712070262256, "m": true, "_doc": "31dd87c6-9cd9-48b2-a0ce-58cc0d508c67"}, {"e": "aggTrade", "E": 1712070262258, "a": 2111731033, "s": "BTCUSDT", "p": "65846.90", "q": "0.002", "f": 4828133494, "l": 4828133494, "T": 1712070262105, "m": true, "_doc": "cca39344-5d0f-409d-9606-f8c1d9a685e0"}, {"e": "aggTrade", "E": 1712070262108, "a": 2111731032, "s": "BTCUSDT", "p": "65847.00", "q": "0.014", "f": 4828133493, "l": 4828133493, "T": 1712070262038, "m": false, "_doc": "4f93a528-cc95-4f9e-ae5e-7c9066a430d9"}, {"e": "aggTrade", "E": 1712070261960, "a": 2111731031, "s": "BTCUSDT", "p": "65847.00", "q": "0.143", "f": 4828133491, "l": 4828133492, "T": 1712070261806, "m": false, "_doc": "47bced74-44eb-4250-9358-88369f1c5ebc"}, {"e": "aggTrade", "E": 1712070261809, "a": 2111731030, "s": "BTCUSDT", "p": "65846.90", "q": "0.002", "f": 4828133490, "l": 4828133490, "T": 1712070261783, "m": true, "_doc": "1e0de79a-2c29-4870-8d98-3d21fb42472b"}, {"e": "aggTrade", "E": 1712070261786, "a": 2111731029, "s": "BTCUSDT", "p": "65847.00", "q": "0.071", "f": 4828133488, "l": 4828133489, "T": 1712070261706, "m": false, "_doc": "767c2300-5d28-4104-9c08-a4bd31654850"}, {"e": "aggTrade", "E": 1712070261646, "a": 11234629, "s": "BTCUSDC", "p": "65860.0", "q": "0.002", "f": 17380779, "l": 17380779, "T": 1712070261491, "m": false, "_doc": "d8b70384-1196-4722-b2b7-217e6a119ebf"}, {"e": "aggTrade", "E": 1712070261630, "a": 2111731028, "s": "BTCUSDT", "p": "65847.00", "q": "0.232", "f": 4828133485, "l": 4828133487, "T": 1712070261475, "m": false, "_doc": "1512080d-4ce2-4037-a782-0a94569e9ec7"}, {"e": "aggTrade", "E": 1712070261473, "a": 2111731027, "s": "BTCUSDT", "p": "65847.00", "q": "0.015", "f": 4828133484, "l": 4828133484, "T": 1712070261319, "m": false, "_doc": "4c4ee6d7-61fb-417a-b682-89f5fd3b6f5f"}, {"e": "aggTrade", "E": 1712070261306, "a": 11234628, "s": "BTCUSDC", "p": "65860.0", "q": "0.002", "f": 17380778, "l": 17380778, "T": 1712070261152, "m": false, "_doc": "9b8ae0b2-6c68-40b3-9472-39b24b33db55"}, {"e": "aggTrade", "E": 1712070261245, "a": 2111731026, "s": "BTCUSDT", "p": "65847.00", "q": "0.147", "f": 4828133482, "l": 4828133483, "T": 1712070261090, "m": false, "_doc": "a0cf35f7-4782-48e9-8753-d39b709848d3"}, {"e": "aggTrade", "E": 1712070261132, "a": 11234627, "s": "BTCUSDC", "p": "65860.0", "q": "0.002", "f": 17380777, "l": 17380777, "T": 1712070260976, "m": false, "_doc": "fa70b071-316c-4a84-b136-ac4612fcd2c0"}, {"e": "aggTrade", "E": 1712070260877, "a": 2111731025, "s": "BTCUSDT", "p": "65846.90", "q": "0.020", "f": 4828133481, "l": 4828133481, "T": 1712070260723, "m": true, "_doc": "073a748e-940c-4510-80e2-1b2370c77bab"}, {"e": "aggTrade", "E": 1712070260732, "a": 11234626, "s": "BTCUSDC", "p": "65860.0", "q": "0.002", "f": 17380776, "l": 17380776, "T": 1712070260578, "m": false, "_doc": "eaf3cca3-a2fa-4aea-864d-cb2355b896e3"}, {"e": "aggTrade", "E": 1712070260455, "a": 2111731024, "s": "BTCUSDT", "p": "65846.90", "q": "0.006", "f": 4828133480, "l": 4828133480, "T": 1712070260302, "m": true, "_doc": "9c39e435-a63b-48a1-8142-bf1335d5e143"}, {"e": "aggTrade", "E": 1712070260392, "a": 11234625, "s": "BTCUSDC", "p": "65860.0", "q": "0.005", "f": 17380774, "l": 17380775, "T": 1712070260237, "m": false, "_doc": "29a29d2d-32dc-4e0a-9029-d560ac70436f"}, {"e": "aggTrade", "E": 1712070260304, "a": 2111731023, "s": "BTCUSDT", "p": "65847.00", "q": "0.004", "f": 4828133478, "l": 4828133479, "T": 1712070260238, "m": false, "_doc": "ee19f025-a139-4b99-a280-5bd939b09ea0"}, {"e": "aggTrade", "E": 1712070260242, "a": 2111731022, "s": "BTCUSDT", "p": "65846.90", "q": "0.278", "f": 4828133477, "l": 4828133477, "T": 1712070260218, "m": true, "_doc": "0b04fa24-bcc4-4292-a226-00f382208ca5"}, {"e": "aggTrade", "E": 1712070260221, "a": 2111731021, "s": "BTCUSDT", "p": "65847.00", "q": "0.021", "f": 4828133475, "l": 4828133476, "T": 1712070260105, "m": false, "_doc": "8f4060de-16da-46c1-b50c-e2b6ebca329f"}, {"e": "aggTrade", "E": 1712070260108, "a": 2111731020, "s": "BTCUSDT", "p": "65846.90", "q": "0.122", "f": 4828133474, "l": 4828133474, "T": 1712070260085, "m": true, "_doc": "54dd6365-8bd9-4b37-bc97-b39d9a819d4a"}, {"e": "aggTrade", "E": 1712070260056, "a": 2111731019, "s": "BTCUSDT", "p": "65847.00", "q": "0.261", "f": 4828133471, "l": 4828133473, "T": 1712070259903, "m": false, "_doc": "d77b08e9-d1f7-4ed2-bcca-45cdfcf12ebf"}, {"e": "aggTrade", "E": 1712070259822, "a": 2111731018, "s": "BTCUSDT", "p": "65847.00", "q": "0.033", "f": 4828133469, "l": 4828133470, "T": 1712070259667, "m": false, "_doc": "4711d14d-7460-4eb0-a34d-2c47633f396c"}, {"e": "aggTrade", "E": 1712070259468, "a": 2111731017, "s": "BTCUSDT", "p": "65847.00", "q": "0.190", "f": 4828133467, "l": 4828133468, "T": 1712070259314, "m": false, "_doc": "006d8c2e-3732-47cc-8374-01982df05986"}, {"e": "aggTrade", "E": 1712070259391, "a": 11234624, "s": "BTCUSDC", "p": "65859.8", "q": "0.003", "f": 17380772, "l": 17380773, "T": 1712070259237, "m": true, "_doc": "d7eb9709-258b-4bdd-a9e7-aa6c400a8e37"}, {"e": "aggTrade", "E": 1712070259317, "a": 2111731016, "s": "BTCUSDT", "p": "65846.90", "q": "0.010", "f": 4828133466, "l": 4828133466, "T": 1712070259232, "m": false, "_doc": "2bf0bada-7f05-4a33-8d4e-f7eb7e8e0d14"}, {"e": "aggTrade", "E": 1712070259234, "a": 2111731015, "s": "BTCUSDT", "p": "65846.70", "q": "0.002", "f": 4828133465, "l": 4828133465, "T": 1712070259232, "m": false, "_doc": "10ba41ab-2f72-44ed-9885-50c5d699422c"}, {"e": "aggTrade", "E": 1712070259234, "a": 2111731014, "s": "BTCUSDT", "p": "65846.40", "q": "0.004", "f": 4828133464, "l": 4828133464, "T": 1712070259232, "m": false, "_doc": "10ddbb8c-11d0-44f1-ac76-a8ad3783e952"}, {"e": "aggTrade", "E": 1712070259234, "a": 2111731013, "s": "BTCUSDT", "p": "65846.20", "q": "0.002", "f": 4828133463, "l": 4828133463, "T": 1712070259231, "m": false, "_doc": "240dd740-c640-4461-9642-a7756452ab84"}, {"e": "aggTrade", "E": 1712070259234, "a": 2111731012, "s": "BTCUSDT", "p": "65846.10", "q": "0.003", "f": 4828133462, "l": 4828133462, "T": 1712070259231, "m": false, "_doc": "fd1d8dec-6d27-47dc-bb89-cc88ef0a5273"}, {"e": "aggTrade", "E": 1712070259234, "a": 2111731011, "s": "BTCUSDT", "p": "65846.00", "q": "0.002", "f": 4828133461, "l": 4828133461, "T": 1712070259231, "m": false, "_doc": "d3e95bf6-bf4a-4ba8-9c9a-bedadca86bd4"}, {"e": "aggTrade", "E": 1712070259234, "a": 2111731010, "s": "BTCUSDT", "p": "65845.50", "q": "0.161", "f": 4828133459, "l": 4828133460, "T": 1712070259231, "m": false, "_doc": "3d71c7a7-a799-44b3-b6a2-315009d15686"}, {"e": "aggTrade", "E": 1712070259234, "a": 2111731009, "s": "BTCUSDT", "p": "65845.00", "q": "0.002", "f": 4828133458, "l": 4828133458, "T": 1712070259231, "m": false, "_doc": "9fbc311d-3d60-41ad-ba58-588f9b3449ef"}, {"e": "aggTrade", "E": 1712070259234, "a": 2111731008, "s": "BTCUSDT", "p": "65844.90", "q": "0.066", "f": 4828133451, "l": 4828133457, "T": 1712070259154, "m": false, "_doc": "5215a8f4-640a-4f25-b8e9-f33e3dd198c5"}, {"e": "aggTrade", "E": 1712070259157, "a": 2111731007, "s": "BTCUSDT", "p": "65844.60", "q": "0.015", "f": 4828133447, "l": 4828133450, "T": 1712070259093, "m": false, "_doc": "98af465b-5274-46ff-a844-f86061a62663"}, {"e": "aggTrade", "E": 1712070259097, "a": 2111731006, "s": "BTCUSDT", "p": "65844.00", "q": "0.002", "f": 4828133446, "l": 4828133446, "T": 1712070259010, "m": false, "_doc": "00295b57-f0a9-4e6a-9d6d-cfcf10f8f4aa"}, {"e": "aggTrade", "E": 1712070259013, "a": 2111731005, "s": "BTCUSDT", "p": "65843.70", "q": "0.010", "f": 4828133445, "l": 4828133445, "T": 1712070259010, "m": false, "_doc": "d1935f6f-059d-4172-87e7-e4c135212817"}, {"e": "aggTrade", "E": 1712070259013, "a": 2111731004, "s": "BTCUSDT", "p": "65843.60", "q": "0.002", "f": 4828133444, "l": 4828133444, "T": 1712070259010, "m": false, "_doc": "40ae7c6e-5756-49cc-82b4-94649a2d6768"}, {"e": "aggTrade", "E": 1712070259013, "a": 2111731003, "s": "BTCUSDT", "p": "65843.50", "q": "0.008", "f": 4828133443, "l": 4828133443, "T": 1712070259010, "m": false, "_doc": "e77b4d0f-83c1-4cc8-a625-0ff0415dc39f"}, {"e": "aggTrade", "E": 1712070259013, "a": 2111731002, "s": "BTCUSDT", "p": "65842.50", "q": "0.020", "f": 4828133441, "l": 4828133442, "T": 1712070258977, "m": false, "_doc": "cf13a05d-7a4c-4c97-8b01-26e4f4f13a05"}, {"e": "aggTrade", "E": 1712070258979, "a": 2111731001, "s": "BTCUSDT", "p": "65842.00", "q": "0.014", "f": 4828133438, "l": 4828133440, "T": 1712070258977, "m": false, "_doc": "d117872b-a2ce-4f44-affb-8597be43bdb1"}, {"e": "aggTrade", "E": 1712070258979, "a": 2111731000, "s": "BTCUSDT", "p": "65841.40", "q": "0.002", "f": 4828133436, "l": 4828133437, "T": 1712070258968, "m": false, "_doc": "1a8a79de-69e7-43d7-ac31-52e9eaec160d"}, {"e": "aggTrade", "E": 1712070258970, "a": 2111730999, "s": "BTCUSDT", "p": "65841.30", "q": "0.002", "f": 4828133435, "l": 4828133435, "T": 1712070258968, "m": false, "_doc": "c58e724a-218a-4d56-9e79-4808a09747d6"}, {"e": "aggTrade", "E": 1712070258970, "a": 2111730998, "s": "BTCUSDT", "p": "65841.00", "q": "0.018", "f": 4828133431, "l": 4828133434, "T": 1712070258966, "m": false, "_doc": "59f4c87a-1355-402c-82b8-76707c3f36cb"}, {"e": "aggTrade", "E": 1712070258969, "a": 2111730997, "s": "BTCUSDT", "p": "65840.20", "q": "0.014", "f": 4828133428, "l": 4828133430, "T": 1712070258955, "m": false, "_doc": "ef407afd-cb18-4536-8444-b8911a5b12ba"}, {"e": "aggTrade", "E": 1712070258958, "a": 2111730996, "s": "BTCUSDT", "p": "65840.10", "q": "0.004", "f": 4828133427, "l": 4828133427, "T": 1712070258955, "m": false, "_doc": "a7b27dd4-9168-4916-a5de-bd2b3ed9fb59"}, {"e": "aggTrade", "E": 1712070258958, "a": 2111730995, "s": "BTCUSDT", "p": "65840.00", "q": "0.125", "f": 4828133422, "l": 4828133426, "T": 1712070258937, "m": false, "_doc": "e78ea21a-f76d-4b53-8236-5d7a90301319"}, {"e": "aggTrade", "E": 1712070258944, "a": 11234623, "s": "BTCUSDC", "p": "65850.0", "q": "0.241", "f": 17380770, "l": 17380771, "T": 1712070258790, "m": false, "_doc": "544081f0-eb8a-4e68-95a2-a03c13f96413"}, {"e": "aggTrade", "E": 1712070258940, "a": 2111730994, "s": "BTCUSDT", "p": "65839.90", "q": "0.122", "f": 4828133421, "l": 4828133421, "T": 1712070258859, "m": true, "_doc": "5c1c21af-866d-47e0-8732-f04da73b678c"}, {"e": "aggTrade", "E": 1712070258861, "a": 2111730993, "s": "BTCUSDT", "p": "65839.90", "q": "0.017", "f": 4828133420, "l": 4828133420, "T": 1712070258819, "m": false, "_doc": "1bf4cf20-747c-4968-b52c-6147a8ac3996"}, {"e": "aggTrade", "E": 1712070258822, "a": 2111730992, "s": "BTCUSDT", "p": "65839.60", "q": "0.002", "f": 4828133419, "l": 4828133419, "T": 1712070258819, "m": false, "_doc": "1bf74836-30e9-4d29-be30-86958c6908e8"}, {"e": "aggTrade", "E": 1712070258821, "a": 2111730991, "s": "BTCUSDT", "p": "65838.90", "q": "0.002", "f": 4828133418, "l": 4828133418, "T": 1712070258800, "m": false, "_doc": "173f6345-64af-40df-9176-3378b375b63b"}, {"e": "aggTrade", "E": 1712070258803, "a": 2111730990, "s": "BTCUSDT", "p": "65838.00", "q": "0.012", "f": 4828133416, "l": 4828133417, "T": 1712070258786, "m": false, "_doc": "9dbdd58a-a357-4c5f-8169-3d6493cd73ae"}, {"e": "aggTrade", "E": 1712070258789, "a": 2111730989, "s": "BTCUSDT", "p": "65837.90", "q": "0.002", "f": 4828133415, "l": 4828133415, "T": 1712070258786, "m": false, "_doc": "61602d26-58c8-4725-8b8b-b2a8455ae01a"}, {"e": "aggTrade", "E": 1712070258789, "a": 2111730988, "s": "BTCUSDT", "p": "65837.80", "q": "0.570", "f": 4828133414, "l": 4828133414, "T": 1712070258786, "m": false, "_doc": "cdd84018-04d0-4b85-820b-d9bb719856be"}, {"e": "aggTrade", "E": 1712070258789, "a": 2111730987, "s": "BTCUSDT", "p": "65837.60", "q": "0.004", "f": 4828133413, "l": 4828133413, "T": 1712070258786, "m": false, "_doc": "25cfd035-bf76-4807-a23a-3233cde01744"}, {"e": "aggTrade", "E": 1712070258789, "a": 2111730986, "s": "BTCUSDT", "p": "65837.00", "q": "5.019", "f": 4828133405, "l": 4828133412, "T": 1712070258784, "m": false, "_doc": "46789f02-68f2-40a1-b465-ace8943564c9"}, {"e": "aggTrade", "E": 1712070258788, "a": 2111730985, "s": "BTCUSDT", "p": "65836.60", "q": "0.002", "f": 4828133404, "l": 4828133404, "T": 1712070258784, "m": false, "_doc": "fe3d3278-5c2d-4f5c-8010-510f7994e823"}, {"e": "aggTrade", "E": 1712070258788, "a": 2111730984, "s": "BTCUSDT", "p": "65836.50", "q": "0.004", "f": 4828133403, "l": 4828133403, "T": 1712070258784, "m": false, "_doc": "ee9cdbe4-81ba-4f31-9182-a61953b30a2e"}, {"e": "aggTrade", "E": 1712070258788, "a": 2111730983, "s": "BTCUSDT", "p": "65836.00", "q": "0.012", "f": 4828133401, "l": 4828133402, "T": 1712070258782, "m": false, "_doc": "5485440f-a65e-4b6c-a1df-e1de50ff8003"}, {"e": "aggTrade", "E": 1712070258787, "a": 2111730982, "s": "BTCUSDT", "p": "65835.30", "q": "0.022", "f": 4828133400, "l": 4828133400, "T": 1712070258782, "m": false, "_doc": "033c94da-c61b-4841-b6db-6aacb217f920"}, {"e": "aggTrade", "E": 1712070258787, "a": 2111730981, "s": "BTCUSDT", "p": "65835.20", "q": "0.004", "f": 4828133398, "l": 4828133399, "T": 1712070258782, "m": false, "_doc": "01323a98-c290-4dab-9a81-2149c7789e83"}, {"e": "aggTrade", "E": 1712070258787, "a": 2111730980, "s": "BTCUSDT", "p": "65835.00", "q": "0.071", "f": 4828133394, "l": 4828133397, "T": 1712070258780, "m": false, "_doc": "a2c8b405-2474-4b55-887a-b721b13e436d"}, {"e": "aggTrade", "E": 1712070258785, "a": 11234622, "s": "BTCUSDC", "p": "65844.0", "q": "0.038", "f": 17380769, "l": 17380769, "T": 1712070258631, "m": false, "_doc": "f98acc12-5f31-45da-aa8c-8d2e01894186"}, {"e": "aggTrade", "E": 1712070258783, "a": 2111730979, "s": "BTCUSDT", "p": "65835.00", "q": "0.132", "f": 4828133390, "l": 4828133393, "T": 1712070258647, "m": false, "_doc": "24811806-378d-41d8-bc1f-1d73cb68f562"}, {"e": "aggTrade", "E": 1712070258649, "a": 2111730978, "s": "BTCUSDT", "p": "65834.60", "q": "0.002", "f": 4828133389, "l": 4828133389, "T": 1712070258647, "m": false, "_doc": "df529802-ec62-43f6-954a-8a3c0a23b9a8"}, {"e": "aggTrade", "E": 1712070258649, "a": 2111730977, "s": "BTCUSDT", "p": "65834.00", "q": "0.012", "f": 4828133387, "l": 4828133388, "T": 1712070258630, "m": false, "_doc": "0ef63480-5bbf-4df0-b073-b7513b61bf3d"}, {"e": "aggTrade", "E": 1712070258633, "a": 2111730976, "s": "BTCUSDT", "p": "65833.20", "q": "0.002", "f": 4828133386, "l": 4828133386, "T": 1712070258630, "m": false, "_doc": "60330dbb-a43b-4edd-8cce-3f334f4a4ccc"}, {"e": "aggTrade", "E": 1712070258633, "a": 2111730975, "s": "BTCUSDT", "p": "65833.10", "q": "0.275", "f": 4828133380, "l": 4828133385, "T": 1712070258630, "m": false, "_doc": "f1665b52-7ebc-4dbe-b233-42c846d92058"}, {"e": "aggTrade", "E": 1712070258531, "a": 2111730974, "s": "BTCUSDT", "p": "65833.10", "q": "0.004", "f": 4828133379, "l": 4828133379, "T": 1712070258376, "m": false, "_doc": "af9bdd93-6a17-459c-a64a-c517e86adddb"}, {"e": "aggTrade", "E": 1712070258320, "a": 2111730973, "s": "BTCUSDT", "p": "65833.00", "q": "0.149", "f": 4828133377, "l": 4828133378, "T": 1712070258167, "m": true, "_doc": "9c8e51a1-15b4-4118-89fa-14afeea00890"}, {"e": "aggTrade", "E": 1712070258095, "a": 2111730972, "s": "BTCUSDT", "p": "65833.10", "q": "0.635", "f": 4828133363, "l": 4828133376, "T": 1712070257939, "m": false, "_doc": "948c5c08-b960-412e-bbb2-9a7e6524693f"}, {"e": "aggTrade", "E": 1712070257944, "a": 2111730971, "s": "BTCUSDT", "p": "65833.00", "q": "0.122", "f": 4828133360, "l": 4828133362, "T": 1712070257834, "m": true, "_doc": "3d1f3a2d-429a-4e89-bb4d-e1f7b00ba64c"}, {"e": "aggTrade", "E": 1712070257838, "a": 2111730970, "s": "BTCUSDT", "p": "65833.10", "q": "0.005", "f": 4828133359, "l": 4828133359, "T": 1712070257774, "m": false, "_doc": "d881f235-e566-444c-b459-53f3e83d4163"}, {"e": "aggTrade", "E": 1712070257735, "a": 2111730969, "s": "BTCUSDT", "p": "65833.00", "q": "0.395", "f": 4828133355, "l": 4828133358, "T": 1712070257580, "m": true, "_doc": "3142e597-f410-44e7-b1fb-ae8152bd93ed"}, {"e": "aggTrade", "E": 1712070257584, "a": 2111730968, "s": "BTCUSDT", "p": "65833.10", "q": "0.169", "f": 4828133353, "l": 4828133354, "T": 1712070257566, "m": false, "_doc": "3515295a-8c6e-4616-b55b-67e3c9249d2e"}, {"e": "aggTrade", "E": 1712070257483, "a": 2111730967, "s": "BTCUSDT", "p": "65833.10", "q": "0.025", "f": 4828133351, "l": 4828133352, "T": 1712070257331, "m": false, "_doc": "556b9482-0cc8-4a9b-b93b-a2a42f634eb5"}, {"e": "aggTrade", "E": 1712070257332, "a": 2111730966, "s": "BTCUSDT", "p": "65833.00", "q": "0.461", "f": 4828133349, "l": 4828133350, "T": 1712070257295, "m": true, "_doc": "11ea3ef8-5ec9-4e24-9e58-5768c83d6fe5"}, {"e": "aggTrade", "E": 1712070257082, "a": 2111730965, "s": "BTCUSDT", "p": "65833.00", "q": "0.025", "f": 4828133348, "l": 4828133348, "T": 1712070256928, "m": true, "_doc": "a3c7c476-b90d-4fd2-b883-025c87ab4742"}, {"e": "aggTrade", "E": 1712070256901, "a": 2111730964, "s": "BTCUSDT", "p": "65833.10", "q": "0.104", "f": 4828133341, "l": 4828133347, "T": 1712070256749, "m": false, "_doc": "be472a40-0be2-4086-b1cd-2a71648051da"}, {"e": "aggTrade", "E": 1712070256750, "a": 2111730963, "s": "BTCUSDT", "p": "65833.10", "q": "0.181", "f": 4828133324, "l": 4828133340, "T": 1712070256639, "m": false, "_doc": "c17a048f-6961-4a2b-8f29-558b1cf154de"}, {"e": "aggTrade", "E": 1712070256642, "a": 2111730962, "s": "BTCUSDT", "p": "65833.00", "q": "0.009", "f": 4828133323, "l": 4828133323, "T": 1712070256631, "m": true, "_doc": "7702bac2-e337-44fd-b595-ebba9c3b09c2"}, {"e": "aggTrade", "E": 1712070256638, "a": 11234621, "s": "BTCUSDC", "p": "65840.0", "q": "0.302", "f": 17380766, "l": 17380768, "T": 1712070256484, "m": false, "_doc": "f06ec778-9bb4-4a4d-9b8c-eed2164f5f0f"}, {"e": "aggTrade", "E": 1712070256633, "a": 2111730961, "s": "BTCUSDT", "p": "65833.10", "q": "0.002", "f": 4828133322, "l": 4828133322, "T": 1712070256616, "m": false, "_doc": "dfc3394d-327b-4a1e-a005-ee16115a5c60"}, {"e": "aggTrade", "E": 1712070256618, "a": 2111730960, "s": "BTCUSDT", "p": "65833.00", "q": "0.015", "f": 4828133321, "l": 4828133321, "T": 1712070256615, "m": true, "_doc": "811953d7-0459-4e06-b522-41c829a7ff49"}, {"e": "aggTrade", "E": 1712070256617, "a": 2111730959, "s": "BTCUSDT", "p": "65833.10", "q": "0.082", "f": 4828133317, "l": 4828133320, "T": 1712070256603, "m": false, "_doc": "a6cc9218-7d89-465d-842e-d5f6f6d48eec"}, {"e": "aggTrade", "E": 1712070256605, "a": 2111730958, "s": "BTCUSDT", "p": "65833.00", "q": "0.057", "f": 4828133316, "l": 4828133316, "T": 1712070256518, "m": true, "_doc": "7564d9e1-74ac-47ed-ae99-ef0bb4651fba"}, {"e": "aggTrade", "E": 1712070256521, "a": 2111730957, "s": "BTCUSDT", "p": "65833.10", "q": "0.058", "f": 4828133314, "l": 4828133315, "T": 1712070256487, "m": false, "_doc": "f9cd5bfd-90da-47bf-a596-d93245bfe6f5"}, {"e": "aggTrade", "E": 1712070256490, "a": 2111730956, "s": "BTCUSDT", "p": "65833.00", "q": "0.010", "f": 4828133313, "l": 4828133313, "T": 1712070256487, "m": false, "_doc": "b9b332f0-d685-46fc-a398-17da23a7541d"}, {"e": "aggTrade", "E": 1712070256490, "a": 2111730955, "s": "BTCUSDT", "p": "65832.90", "q": "0.002", "f": 4828133312, "l": 4828133312, "T": 1712070256487, "m": false, "_doc": "ee90f514-321a-4254-bf85-7e795012b670"}, {"e": "aggTrade", "E": 1712070256489, "a": 2111730954, "s": "BTCUSDT", "p": "65832.70", "q": "0.138", "f": 4828133308, "l": 4828133311, "T": 1712070256482, "m": false, "_doc": "00400c9d-5168-4780-bef9-7b66d0a4bee6"}, {"e": "aggTrade", "E": 1712070256487, "a": 11234620, "s": "BTCUSDC", "p": "65836.0", "q": "0.037", "f": 17380765, "l": 17380765, "T": 1712070256480, "m": false, "_doc": "42d9b82c-93c8-404c-8622-0d16b59f95e1"}, {"e": "aggTrade", "E": 1712070256486, "a": 2111730953, "s": "BTCUSDT", "p": "65832.20", "q": "0.002", "f": 4828133307, "l": 4828133307, "T": 1712070256482, "m": false, "_doc": "2b6171ad-4f17-4a97-bb7d-f6e3735b1aaf"}, {"e": "aggTrade", "E": 1712070256486, "a": 2111730952, "s": "BTCUSDT", "p": "65832.00", "q": "0.014", "f": 4828133304, "l": 4828133306, "T": 1712070256482, "m": false, "_doc": "476251a6-aa93-4cd0-b52b-97db3de25cb8"}, {"e": "aggTrade", "E": 1712070256486, "a": 2111730951, "s": "BTCUSDT", "p": "65831.10", "q": "0.010", "f": 4828133302, "l": 4828133303, "T": 1712070256482, "m": false, "_doc": "1b227e2f-84a4-4bf5-ba3f-b9f5c5d6a52a"}, {"e": "aggTrade", "E": 1712070256485, "a": 2111730950, "s": "BTCUSDT", "p": "65831.00", "q": "0.010", "f": 4828133301, "l": 4828133301, "T": 1712070256482, "m": false, "_doc": "c818487e-391e-4e2e-bcc8-834ff70860b1"}, {"e": "aggTrade", "E": 1712070256485, "a": 2111730949, "s": "BTCUSDT", "p": "65830.80", "q": "0.004", "f": 4828133299, "l": 4828133300, "T": 1712070256482, "m": false, "_doc": "7b861e98-052d-4bd0-892b-f3eeacc39063"}, {"e": "aggTrade", "E": 1712070256485, "a": 2111730948, "s": "BTCUSDT", "p": "65830.60", "q": "0.011", "f": 4828133298, "l": 4828133298, "T": 1712070256482, "m": false, "_doc": "68ca39ac-0512-475b-a633-64033dd0e481"}, {"e": "aggTrade", "E": 1712070256485, "a": 2111730947, "s": "BTCUSDT", "p": "65830.50", "q": "0.049", "f": 4828133293, "l": 4828133297, "T": 1712070256482, "m": false, "_doc": "9cf27050-243d-4e65-8791-6116dfee14aa"}, {"e": "aggTrade", "E": 1712070256485, "a": 2111730946, "s": "BTCUSDT", "p": "65830.40", "q": "0.002", "f": 4828133292, "l": 4828133292, "T": 1712070256482, "m": false, "_doc": "9239084e-c1e3-4e92-b48f-d3614b27b1b8"}, {"e": "aggTrade", "E": 1712070256485, "a": 2111730945, "s": "BTCUSDT", "p": "65830.10", "q": "1.140", "f": 4828133291, "l": 4828133291, "T": 1712070256481, "m": false, "_doc": "c7908a62-2ffe-4bb9-ab8a-430b8d97f516"}, {"e": "aggTrade", "E": 1712070256484, "a": 2111730944, "s": "BTCUSDT", "p": "65830.00", "q": "1.015", "f": 4828133286, "l": 4828133290, "T": 1712070256480, "m": false, "_doc": "ca6165ec-900d-46c9-8792-3778274d6ab8"}, {"e": "aggTrade", "E": 1712070256483, "a": 2111730943, "s": "BTCUSDT", "p": "65829.40", "q": "0.009", "f": 4828133285, "l": 4828133285, "T": 1712070256480, "m": false, "_doc": "bc47c35c-2024-4daf-b955-ec5fbc3263e1"}, {"e": "aggTrade", "E": 1712070256483, "a": 2111730942, "s": "BTCUSDT", "p": "65829.10", "q": "0.047", "f": 4828133283, "l": 4828133284, "T": 1712070256480, "m": false, "_doc": "e3608995-3230-4f71-9725-3771500ec245"}, {"e": "aggTrade", "E": 1712070256483, "a": 2111730941, "s": "BTCUSDT", "p": "65829.00", "q": "0.014", "f": 4828133281, "l": 4828133282, "T": 1712070256480, "m": false, "_doc": "1df14a06-aa47-4aa6-8ccb-cae708f330d8"}, {"e": "aggTrade", "E": 1712070256482, "a": 2111730940, "s": "BTCUSDT", "p": "65828.70", "q": "0.002", "f": 4828133280, "l": 4828133280, "T": 1712070256480, "m": false, "_doc": "7ab2e5d4-5aa0-47a0-8636-d8b336461fa0"}, {"e": "aggTrade", "E": 1712070256482, "a": 2111730939, "s": "BTCUSDT", "p": "65828.10", "q": "0.456", "f": 4828133276, "l": 4828133279, "T": 1712070256475, "m": false, "_doc": "81f8c203-dde3-4b02-b948-d749b7e6a63e"}, {"e": "aggTrade", "E": 1712070256478, "a": 2111730938, "s": "BTCUSDT", "p": "65828.00", "q": "0.012", "f": 4828133274, "l": 4828133275, "T": 1712070256475, "m": false, "_doc": "5b3b070c-d5a7-497a-8843-9c018acd3b56"}, {"e": "aggTrade", "E": 1712070256478, "a": 2111730937, "s": "BTCUSDT", "p": "65827.70", "q": "0.004", "f": 4828133273, "l": 4828133273, "T": 1712070256475, "m": false, "_doc": "c76da359-0ab8-4497-9b3b-f49ea484ee25"}, {"e": "aggTrade", "E": 1712070256478, "a": 2111730936, "s": "BTCUSDT", "p": "65826.50", "q": "0.200", "f": 4828133271, "l": 4828133272, "T": 1712070256423, "m": false, "_doc": "aa117001-8823-486d-93ff-35e470d657c7"}, {"e": "aggTrade", "E": 1712070256425, "a": 2111730935, "s": "BTCUSDT", "p": "65826.30", "q": "0.004", "f": 4828133270, "l": 4828133270, "T": 1712070256350, "m": false, "_doc": "c8dc3de4-669c-4881-937f-718826b45090"}, {"e": "aggTrade", "E": 1712070256353, "a": 2111730934, "s": "BTCUSDT", "p": "65826.00", "q": "0.022", "f": 4828133266, "l": 4828133269, "T": 1712070256350, "m": false, "_doc": "298d3eb2-a1aa-42b3-9afe-7e820ff0ad64"}, {"e": "aggTrade", "E": 1712070256353, "a": 2111730933, "s": "BTCUSDT", "p": "65825.70", "q": "0.002", "f": 4828133265, "l": 4828133265, "T": 1712070256350, "m": false, "_doc": "81f1d964-0a0b-4431-a9da-efc349491912"}, {"e": "aggTrade", "E": 1712070256353, "a": 2111730932, "s": "BTCUSDT", "p": "65825.60", "q": "0.241", "f": 4828133260, "l": 4828133264, "T": 1712070256350, "m": false, "_doc": "7ff383f4-9433-4b6a-bf33-f01807211a8f"}, {"e": "aggTrade", "E": 1712070256353, "a": 2111730931, "s": "BTCUSDT", "p": "65825.40", "q": "0.002", "f": 4828133259, "l": 4828133259, "T": 1712070256350, "m": false, "_doc": "a15d01a3-598b-4d95-a36f-440409cc4dbe"}, {"e": "aggTrade", "E": 1712070256353, "a": 2111730930, "s": "BTCUSDT", "p": "65824.50", "q": "0.004", "f": 4828133257, "l": 4828133258, "T": 1712070256350, "m": false, "_doc": "a41ac968-bf63-4a4b-babc-66f91d94251f"}, {"e": "aggTrade", "E": 1712070256353, "a": 2111730929, "s": "BTCUSDT", "p": "65824.40", "q": "0.002", "f": 4828133256, "l": 4828133256, "T": 1712070256350, "m": false, "_doc": "da80dbee-f7f5-44be-aa6d-997ea5083494"}, {"e": "aggTrade", "E": 1712070256353, "a": 2111730928, "s": "BTCUSDT", "p": "65824.00", "q": "0.002", "f": 4828133255, "l": 4828133255, "T": 1712070256350, "m": false, "_doc": "321ba087-67bc-4002-a8fa-78eac648e43e"}, {"e": "aggTrade", "E": 1712070256353, "a": 2111730927, "s": "BTCUSDT", "p": "65822.90", "q": "0.122", "f": 4828133254, "l": 4828133254, "T": 1712070256342, "m": false, "_doc": "3a25bd9c-6344-4325-9c67-0ba60ba4efbd"}, {"e": "aggTrade", "E": 1712070256345, "a": 2111730926, "s": "BTCUSDT", "p": "65822.40", "q": "0.002", "f": 4828133253, "l": 4828133253, "T": 1712070256339, "m": false, "_doc": "f5589f99-a123-4d15-9e8b-87d1083d31ed"}, {"e": "aggTrade", "E": 1712070256343, "a": 2111730925, "s": "BTCUSDT", "p": "65822.00", "q": "0.002", "f": 4828133252, "l": 4828133252, "T": 1712070256339, "m": false, "_doc": "f95255a2-d6b1-47c6-9020-356671ca8a96"}, {"e": "aggTrade", "E": 1712070256343, "a": 2111730924, "s": "BTCUSDT", "p": "65820.70", "q": "2.182", "f": 4828133244, "l": 4828133251, "T": 1712070256319, "m": false, "_doc": "25511f93-8223-46a4-bc36-e53ebec808f1"}, {"e": "aggTrade", "E": 1712070256322, "a": 2111730923, "s": "BTCUSDT", "p": "65820.70", "q": "0.008", "f": 4828133243, "l": 4828133243, "T": 1712070256174, "m": false, "_doc": "1b33c21c-f32b-4fc9-9413-f9f3017115c1"}, {"e": "aggTrade", "E": 1712070256176, "a": 2111730922, "s": "BTCUSDT", "p": "65820.60", "q": "0.010", "f": 4828133242, "l": 4828133242, "T": 1712070256167, "m": true, "_doc": "a9fc2076-e2e0-4e53-b593-b824f8ead881"}, {"e": "aggTrade", "E": 1712070256169, "a": 2111730921, "s": "BTCUSDT", "p": "65820.70", "q": "0.004", "f": 4828133241, "l": 4828133241, "T": 1712070256167, "m": false, "_doc": "a62e34a1-6576-4527-8c97-4884c96e0cce"}, {"e": "aggTrade", "E": 1712070256168, "a": 2111730920, "s": "BTCUSDT", "p": "65820.60", "q": "0.041", "f": 4828133237, "l": 4828133240, "T": 1712070256098, "m": true, "_doc": "bcd022e0-1f4b-40f4-ac37-81612c4d0f84"}, {"e": "aggTrade", "E": 1712070256102, "a": 2111730919, "s": "BTCUSDT", "p": "65820.70", "q": "0.086", "f": 4828133234, "l": 4828133236, "T": 1712070256079, "m": false, "_doc": "8f2945ed-d700-4409-993e-edd9a56f551a"}, {"e": "aggTrade", "E": 1712070256082, "a": 2111730918, "s": "BTCUSDT", "p": "65820.30", "q": "0.001", "f": 4828133233, "l": 4828133233, "T": 1712070256029, "m": true, "_doc": "680d34f4-f6d8-41f4-b9c8-48f7f6de7eae"}, {"e": "aggTrade", "E": 1712070256032, "a": 2111730917, "s": "BTCUSDT", "p": "65820.40", "q": "0.209", "f": 4828133226, "l": 4828133232, "T": 1712070255932, "m": false, "_doc": "53a819c0-f38b-464d-895b-e94ed648dd9b"}, {"e": "aggTrade", "E": 1712070255934, "a": 2111730916, "s": "BTCUSDT", "p": "65820.20", "q": "0.002", "f": 4828133225, "l": 4828133225, "T": 1712070255932, "m": false, "_doc": "c13142f0-1a54-4401-885e-c35d32196004"}, {"e": "aggTrade", "E": 1712070255934, "a": 2111730915, "s": "BTCUSDT", "p": "65820.00", "q": "0.002", "f": 4828133224, "l": 4828133224, "T": 1712070255932, "m": false, "_doc": "fb91a6f0-a76b-4638-92e0-eaf3b78d7e62"}, {"e": "aggTrade", "E": 1712070255934, "a": 2111730914, "s": "BTCUSDT", "p": "65818.20", "q": "0.004", "f": 4828133223, "l": 4828133223, "T": 1712070255932, "m": false, "_doc": "7213fa1f-b4d0-422c-9c78-0401410cc3e2"}, {"e": "aggTrade", "E": 1712070255934, "a": 2111730913, "s": "BTCUSDT", "p": "65817.90", "q": "0.056", "f": 4828133222, "l": 4828133222, "T": 1712070255919, "m": true, "_doc": "91fdfa9a-9a96-4f71-94ba-4931762ab7d0"}, {"e": "aggTrade", "E": 1712070255921, "a": 2111730912, "s": "BTCUSDT", "p": "65816.00", "q": "0.002", "f": 4828133221, "l": 4828133221, "T": 1712070255887, "m": false, "_doc": "7858c5de-83c9-41fa-a41a-a8c86d1ed12b"}, {"e": "aggTrade", "E": 1712070255890, "a": 2111730911, "s": "BTCUSDT", "p": "65815.50", "q": "0.004", "f": 4828133220, "l": 4828133220, "T": 1712070255887, "m": false, "_doc": "d390c1a5-d2b8-4217-8997-4e22c1e79b7e"}, {"e": "aggTrade", "E": 1712070255890, "a": 2111730910, "s": "BTCUSDT", "p": "65815.40", "q": "0.002", "f": 4828133219, "l": 4828133219, "T": 1712070255887, "m": false, "_doc": "3a122a36-6aab-4921-b529-c941e01d35f0"}, {"e": "aggTrade", "E": 1712070255890, "a": 2111730909, "s": "BTCUSDT", "p": "65814.00", "q": "0.004", "f": 4828133217, "l": 4828133218, "T": 1712070255882, "m": false, "_doc": "5f690709-4cc5-4ca8-a291-b626ed96c611"}, {"e": "aggTrade", "E": 1712070255885, "a": 2111730908, "s": "BTCUSDT", "p": "65813.90", "q": "0.002", "f": 4828133216, "l": 4828133216, "T": 1712070255882, "m": false, "_doc": "4e052ff9-0a50-469e-aecd-de18f3391366"}, {"e": "aggTrade", "E": 1712070255885, "a": 2111730907, "s": "BTCUSDT", "p": "65813.40", "q": "0.352", "f": 4828133209, "l": 4828133215, "T": 1712070255882, "m": false, "_doc": "ac4e5c93-193c-4783-9788-47cdbd728b21"}, {"e": "aggTrade", "E": 1712070255833, "a": 11234619, "s": "BTCUSDC", "p": "65820.7", "q": "0.005", "f": 17380764, "l": 17380764, "T": 1712070255679, "m": false, "_doc": "42aaed64-7dc2-42c9-92e1-21c195870d2a"}, {"e": "aggTrade", "E": 1712070255737, "a": 2111730906, "s": "BTCUSDT", "p": "65813.30", "q": "0.008", "f": 4828133207, "l": 4828133208, "T": 1712070255584, "m": true, "_doc": "dd0486c8-f2a2-4fab-9109-8ae4db7f2deb"}, {"e": "aggTrade", "E": 1712070255586, "a": 2111730905, "s": "BTCUSDT", "p": "65813.60", "q": "0.013", "f": 4828133205, "l": 4828133206, "T": 1712070255501, "m": true, "_doc": "89816bb0-4d8a-496d-93f6-99800e6dd766"}, {"e": "aggTrade", "E": 1712070255503, "a": 2111730904, "s": "BTCUSDT", "p": "65813.70", "q": "0.002", "f": 4828133203, "l": 4828133204, "T": 1712070255501, "m": true, "_doc": "f3203bd3-858e-417f-9c12-147fc375591a"}, {"e": "aggTrade", "E": 1712070255503, "a": 2111730903, "s": "BTCUSDT", "p": "65813.80", "q": "0.026", "f": 4828133197, "l": 4828133202, "T": 1712070255499, "m": true, "_doc": "01141b99-44da-49c0-8ed7-fda6a22bcdb7"}, {"e": "aggTrade", "E": 1712070255502, "a": 2111730902, "s": "BTCUSDT", "p": "65813.90", "q": "0.117", "f": 4828133195, "l": 4828133196, "T": 1712070255457, "m": false, "_doc": "af6eab3b-6e18-4458-8e8f-02b054954c0c"}, {"e": "aggTrade", "E": 1712070255460, "a": 2111730901, "s": "BTCUSDT", "p": "65813.90", "q": "0.095", "f": 4828133193, "l": 4828133194, "T": 1712070255322, "m": false, "_doc": "30d7ba0e-9d71-4836-a383-f466d3f73a4c"}, {"e": "aggTrade", "E": 1712070255325, "a": 2111730900, "s": "BTCUSDT", "p": "65813.90", "q": "0.035", "f": 4828133184, "l": 4828133192, "T": 1712070255189, "m": true, "_doc": "072620f3-be93-4504-b25b-04100abfdd3c"}, {"e": "aggTrade", "E": 1712070255293, "a": 11234618, "s": "BTCUSDC", "p": "65824.0", "q": "0.003", "f": 17380762, "l": 17380763, "T": 1712070255139, "m": true, "_doc": "4c27838a-bb4a-4d31-a31c-1c577549fbdf"}, {"e": "aggTrade", "E": 1712070255191, "a": 2111730899, "s": "BTCUSDT", "p": "65814.00", "q": "0.012", "f": 4828133178, "l": 4828133183, "T": 1712070255138, "m": true, "_doc": "ecd9269b-5ec3-4385-919b-c48e74f203e8"}, {"e": "aggTrade", "E": 1712070255142, "a": 11234617, "s": "BTCUSDC", "p": "65827.2", "q": "0.010", "f": 17380761, "l": 17380761, "T": 1712070255098, "m": true, "_doc": "750c0ab0-9f22-4ed6-a2fb-cf45090aa8a6"}, {"e": "aggTrade", "E": 1712070255140, "a": 2111730898, "s": "BTCUSDT", "p": "65814.10", "q": "0.083", "f": 4828133177, "l": 4828133177, "T": 1712070255137, "m": false, "_doc": "21f8fdcd-7d8c-4e9e-a906-d97db643023e"}, {"e": "aggTrade", "E": 1712070255140, "a": 2111730897, "s": "BTCUSDT", "p": "65815.40", "q": "0.002", "f": 4828133176, "l": 4828133176, "T": 1712070255116, "m": true, "_doc": "a948df6b-cbe5-468e-a301-974368f5836c"}, {"e": "aggTrade", "E": 1712070255119, "a": 2111730896, "s": "BTCUSDT", "p": "65816.00", "q": "0.002", "f": 4828133175, "l": 4828133175, "T": 1712070255100, "m": true, "_doc": "d5c747fd-d903-4bba-8ed3-5bd768b9edfe"}, {"e": "aggTrade", "E": 1712070255103, "a": 2111730895, "s": "BTCUSDT", "p": "65816.10", "q": "0.002", "f": 4828133174, "l": 4828133174, "T": 1712070255100, "m": true, "_doc": "c4fdc923-d023-4d52-bc6a-220c2bc81b98"}, {"e": "aggTrade", "E": 1712070255103, "a": 2111730894, "s": "BTCUSDT", "p": "65816.60", "q": "0.002", "f": 4828133173, "l": 4828133173, "T": 1712070255100, "m": true, "_doc": "9b6184b7-992f-46a2-8e53-ad9a34bd5449"}, {"e": "aggTrade", "E": 1712070255103, "a": 2111730893, "s": "BTCUSDT", "p": "65817.10", "q": "0.004", "f": 4828133172, "l": 4828133172, "T": 1712070255100, "m": true, "_doc": "e2f0af6b-6e86-4b69-a562-0e300e1c39f9"}, {"e": "aggTrade", "E": 1712070255103, "a": 2111730892, "s": "BTCUSDT", "p": "65817.20", "q": "0.002", "f": 4828133171, "l": 4828133171, "T": 1712070255098, "m": true, "_doc": "bdd9d4b1-79cd-455a-be5a-7a4a57cdffa3"}, {"e": "aggTrade", "E": 1712070255101, "a": 11234616, "s": "BTCUSDC", "p": "65827.9", "q": "0.004", "f": 17380759, "l": 17380760, "T": 1712070255098, "m": true, "_doc": "18f15b8a-6ebd-4fbb-888a-bc891b9014dd"}, {"e": "aggTrade", "E": 1712070255101, "a": 11234615, "s": "BTCUSDC", "p": "65828.4", "q": "0.004", "f": 17380757, "l": 17380758, "T": 1712070255098, "m": true, "_doc": "b4c57550-828f-4ba3-97f6-8f322cbb9673"}, {"e": "aggTrade", "E": 1712070255101, "a": 11234614, "s": "BTCUSDC", "p": "65828.9", "q": "0.141", "f": 17380756, "l": 17380756, "T": 1712070255097, "m": true, "_doc": "dbd49ea8-9670-4af7-af4e-13229ad5ccc4"}, {"e": "aggTrade", "E": 1712070255101, "a": 11234613, "s": "BTCUSDC", "p": "65829.0", "q": "0.065", "f": 17380755, "l": 17380755, "T": 1712070255097, "m": true, "_doc": "7f388415-3b24-4e16-ba90-9c79a2a4b153"}, {"e": "aggTrade", "E": 1712070255101, "a": 11234612, "s": "BTCUSDC", "p": "65829.1", "q": "0.002", "f": 17380754, "l": 17380754, "T": 1712070255097, "m": true, "_doc": "a80c3dac-5162-4454-946b-05547c2b76f0"}, {"e": "aggTrade", "E": 1712070255101, "a": 11234611, "s": "BTCUSDC", "p": "65829.2", "q": "0.004", "f": 17380752, "l": 17380753, "T": 1712070255097, "m": true, "_doc": "f2263039-6e8e-4cf4-ba07-d611cbc6e351"}, {"e": "aggTrade", "E": 1712070255101, "a": 11234610, "s": "BTCUSDC", "p": "65829.8", "q": "0.004", "f": 17380750, "l": 17380751, "T": 1712070255097, "m": true, "_doc": "2f42d9ae-a58e-4d40-b6a2-7e1dd61f624e"}, {"e": "aggTrade", "E": 1712070255101, "a": 2111730891, "s": "BTCUSDT", "p": "65817.40", "q": "0.002", "f": 4828133170, "l": 4828133170, "T": 1712070255098, "m": true, "_doc": "025ac08a-8739-4b7e-8c5c-4398d414ba9c"}, {"e": "aggTrade", "E": 1712070255101, "a": 2111730890, "s": "BTCUSDT", "p": "65817.60", "q": "0.002", "f": 4828133169, "l": 4828133169, "T": 1712070255097, "m": true, "_doc": "04cd3697-829f-4e85-a291-f389b49c7887"}, {"e": "aggTrade", "E": 1712070255101, "a": 2111730889, "s": "BTCUSDT", "p": "65818.00", "q": "0.002", "f": 4828133168, "l": 4828133168, "T": 1712070255097, "m": true, "_doc": "2e300779-7e44-433c-b235-37e1b4a874f1"}, {"e": "aggTrade", "E": 1712070255101, "a": 2111730888, "s": "BTCUSDT", "p": "65818.20", "q": "0.002", "f": 4828133167, "l": 4828133167, "T": 1712070255097, "m": true, "_doc": "1af2ab52-c694-49d1-bff0-7b808b631b9f"}, {"e": "aggTrade", "E": 1712070255101, "a": 2111730887, "s": "BTCUSDT", "p": "65818.30", "q": "0.022", "f": 4828133165, "l": 4828133166, "T": 1712070255096, "m": true, "_doc": "7b7ac61c-799f-41a0-b21e-f5f3f6e9a7b1"}, {"e": "aggTrade", "E": 1712070255099, "a": 2111730886, "s": "BTCUSDT", "p": "65818.70", "q": "0.002", "f": 4828133164, "l": 4828133164, "T": 1712070255096, "m": true, "_doc": "962e8fd6-14e2-452d-add9-628d8d472c0e"}, {"e": "aggTrade", "E": 1712070255099, "a": 2111730885, "s": "BTCUSDT", "p": "65820.00", "q": "0.002", "f": 4828133163, "l": 4828133163, "T": 1712070255096, "m": true, "_doc": "c3ecbdaf-1a3c-4aa9-a80f-f89f549e1b26"}, {"e": "aggTrade", "E": 1712070255099, "a": 2111730884, "s": "BTCUSDT", "p": "65820.60", "q": "0.340", "f": 4828133155, "l": 4828133162, "T": 1712070255074, "m": true, "_doc": "42e0ba71-8cc5-4349-8196-8b008080f230"}, {"e": "aggTrade", "E": 1712070255077, "a": 2111730883, "s": "BTCUSDT", "p": "65820.70", "q": "0.189", "f": 4828133152, "l": 4828133154, "T": 1712070254975, "m": false, "_doc": "58407628-dc00-41ff-877d-64efaac02421"}, {"e": "aggTrade", "E": 1712070254977, "a": 2111730882, "s": "BTCUSDT", "p": "65820.60", "q": "0.006", "f": 4828133151, "l": 4828133151, "T": 1712070254973, "m": true, "_doc": "bc87c1ca-4fd7-4b6c-8850-8510bc9a14b2"}, {"e": "aggTrade", "E": 1712070254976, "a": 2111730881, "s": "BTCUSDT", "p": "65820.70", "q": "0.004", "f": 4828133150, "l": 4828133150, "T": 1712070254967, "m": false, "_doc": "0c21febe-2806-4fe4-991b-2a21c609cfd2"}, {"e": "aggTrade", "E": 1712070254969, "a": 2111730880, "s": "BTCUSDT", "p": "65820.70", "q": "0.016", "f": 4828133149, "l": 4828133149, "T": 1712070254841, "m": false, "_doc": "85ae15c8-24f4-4e37-b7f1-271c57684afe"}, {"e": "aggTrade", "E": 1712070254805, "a": 2111730879, "s": "BTCUSDT", "p": "65820.60", "q": "0.014", "f": 4828133148, "l": 4828133148, "T": 1712070254650, "m": true, "_doc": "79e1adec-5380-4bde-bef7-59acccde0fe1"}, {"e": "aggTrade", "E": 1712070254654, "a": 2111730878, "s": "BTCUSDT", "p": "65820.70", "q": "0.145", "f": 4828133147, "l": 4828133147, "T": 1712070254594, "m": false, "_doc": "7a00c5b5-5bab-44ff-937a-ab474f890c51"}, {"e": "aggTrade", "E": 1712070254598, "a": 2111730877, "s": "BTCUSDT", "p": "65820.60", "q": "0.011", "f": 4828133146, "l": 4828133146, "T": 1712070254545, "m": true, "_doc": "b785afba-e2eb-4fa4-b794-70d69f15e7c7"}, {"e": "aggTrade", "E": 1712070254346, "a": 2111730876, "s": "BTCUSDT", "p": "65820.70", "q": "0.018", "f": 4828133145, "l": 4828133145, "T": 1712070254191, "m": false, "_doc": "5517e782-7d53-4071-9714-dab8d7f55098"}, {"e": "aggTrade", "E": 1712070254195, "a": 2111730875, "s": "BTCUSDT", "p": "65820.60", "q": "0.257", "f": 4828133141, "l": 4828133144, "T": 1712070254168, "m": true, "_doc": "3459dad0-c598-41f2-89b0-08be35336b7c"}, {"e": "aggTrade", "E": 1712070254170, "a": 2111730874, "s": "BTCUSDT", "p": "65820.70", "q": "0.259", "f": 4828133139, "l": 4828133140, "T": 1712070254030, "m": false, "_doc": "a4ea0416-a98d-4fc5-bd0b-55d23d184100"}, {"e": "aggTrade", "E": 1712070253936, "a": 2111730873, "s": "BTCUSDT", "p": "65820.60", "q": "0.385", "f": 4828133135, "l": 4828133138, "T": 1712070253783, "m": true, "_doc": "bfa4acbc-15fb-4c5c-9563-576fe1f3e6fd"}, {"e": "aggTrade", "E": 1712070253785, "a": 2111730872, "s": "BTCUSDT", "p": "65820.70", "q": "0.069", "f": 4828133134, "l": 4828133134, "T": 1712070253695, "m": false, "_doc": "d48c546e-2e20-40a1-ac36-fd6a365cd03c"}, {"e": "aggTrade", "E": 1712070253698, "a": 2111730871, "s": "BTCUSDT", "p": "65822.00", "q": "0.002", "f": 4828133133, "l": 4828133133, "T": 1712070253598, "m": true, "_doc": "7cc8ac7a-4113-4c31-a348-2b3a174e7be9"}, {"e": "aggTrade", "E": 1712070253645, "a": 11234609, "s": "BTCUSDC", "p": "65835.7", "q": "0.004", "f": 17380748, "l": 17380749, "T": 1712070253491, "m": true, "_doc": "9c933a4c-ae07-48e6-a19a-98f95cf7e038"}, {"e": "aggTrade", "E": 1712070253602, "a": 2111730870, "s": "BTCUSDT", "p": "65822.20", "q": "0.002", "f": 4828133132, "l": 4828133132, "T": 1712070253598, "m": true, "_doc": "a61aa988-6317-4ec8-86c2-416e8c0a81bb"}, {"e": "aggTrade", "E": 1712070253602, "a": 2111730869, "s": "BTCUSDT", "p": "65822.40", "q": "0.002", "f": 4828133131, "l": 4828133131, "T": 1712070253598, "m": true, "_doc": "660e895e-a221-491b-8c5a-f77d134d0c73"}, {"e": "aggTrade", "E": 1712070253602, "a": 2111730868, "s": "BTCUSDT", "p": "65823.00", "q": "0.002", "f": 4828133130, "l": 4828133130, "T": 1712070253598, "m": true, "_doc": "8feab542-dbbc-4e8a-be50-038381111d4e"}, {"e": "aggTrade", "E": 1712070253602, "a": 2111730867, "s": "BTCUSDT", "p": "65823.90", "q": "0.158", "f": 4828133127, "l": 4828133129, "T": 1712070253595, "m": true, "_doc": "46a1f318-72fb-47eb-ad55-93e622831433"}, {"e": "aggTrade", "E": 1712070253598, "a": 2111730866, "s": "BTCUSDT", "p": "65824.00", "q": "0.284", "f": 4828133122, "l": 4828133126, "T": 1712070253548, "m": false, "_doc": "5986dc83-c6fd-46d1-b1df-b209b3cdf45c"}, {"e": "aggTrade", "E": 1712070253551, "a": 2111730865, "s": "BTCUSDT", "p": "65823.90", "q": "0.050", "f": 4828133120, "l": 4828133121, "T": 1712070253533, "m": true, "_doc": "92f3c81a-9996-4031-8c84-90098e93fb10"}, {"e": "aggTrade", "E": 1712070253537, "a": 2111730864, "s": "BTCUSDT", "p": "65824.00", "q": "0.024", "f": 4828133117, "l": 4828133119, "T": 1712070253479, "m": true, "_doc": "adb10f17-8e63-4e80-807d-3506a0d56873"}, {"e": "aggTrade", "E": 1712070253494, "a": 11234608, "s": "BTCUSDC", "p": "65835.9", "q": "0.004", "f": 17380746, "l": 17380747, "T": 1712070253491, "m": true, "_doc": "69b5de08-c2bc-473f-b4b7-9c7a08fad4ad"}, {"e": "aggTrade", "E": 1712070253482, "a": 2111730863, "s": "BTCUSDT", "p": "65824.20", "q": "0.076", "f": 4828133116, "l": 4828133116, "T": 1712070253479, "m": true, "_doc": "3ccd8560-be36-4d85-8090-a95ba8437cdf"}, {"e": "aggTrade", "E": 1712070253482, "a": 2111730862, "s": "BTCUSDT", "p": "65824.50", "q": "0.002", "f": 4828133115, "l": 4828133115, "T": 1712070253479, "m": true, "_doc": "d8af6172-7087-4304-b5d2-00b6bb84e521"}, {"e": "aggTrade", "E": 1712070253482, "a": 2111730861, "s": "BTCUSDT", "p": "65825.50", "q": "0.455", "f": 4828133100, "l": 4828133114, "T": 1712070253472, "m": true, "_doc": "6e043d4c-ed73-469a-b3a2-2a86b342fb1b"}, {"e": "aggTrade", "E": 1712070253474, "a": 2111730860, "s": "BTCUSDT", "p": "65825.50", "q": "0.869", "f": 4828133092, "l": 4828133099, "T": 1712070253357, "m": true, "_doc": "afc070dd-077e-4d45-84cd-424080aa77b3"}, {"e": "aggTrade", "E": 1712070253361, "a": 2111730859, "s": "BTCUSDT", "p": "65825.50", "q": "0.150", "f": 4828133090, "l": 4828133091, "T": 1712070253209, "m": true, "_doc": "5032ee76-3075-4556-bdaf-a201e0c1c8f4"}, {"e": "aggTrade", "E": 1712070253211, "a": 2111730858, "s": "BTCUSDT", "p": "65825.60", "q": "1.975", "f": 4828133079, "l": 4828133089, "T": 1712070253056, "m": false, "_doc": "bfc8b1f0-ffbc-4666-aa2d-96a9ea8ecfd7"}, {"e": "aggTrade", "E": 1712070253060, "a": 2111730857, "s": "BTCUSDT", "p": "65825.50", "q": "0.133", "f": 4828133076, "l": 4828133078, "T": 1712070252982, "m": true, "_doc": "444149ce-f4fb-45d2-9ad3-157f74aa71ff"}, {"e": "aggTrade", "E": 1712070252984, "a": 2111730856, "s": "BTCUSDT", "p": "65825.60", "q": "0.030", "f": 4828133075, "l": 4828133075, "T": 1712070252880, "m": false, "_doc": "687bc8a4-2e45-4638-9c6d-8d9a0743f23f"}, {"e": "aggTrade", "E": 1712070252883, "a": 2111730855, "s": "BTCUSDT", "p": "65825.50", "q": "0.003", "f": 4828133074, "l": 4828133074, "T": 1712070252865, "m": true, "_doc": "d987bed6-bd74-4d4b-8af9-307dc5047d93"}, {"e": "aggTrade", "E": 1712070252870, "a": 2111730854, "s": "BTCUSDT", "p": "65825.60", "q": "0.038", "f": 4828133072, "l": 4828133073, "T": 1712070252794, "m": false, "_doc": "40b2ea84-15e3-4cca-bd89-6b104dd0d5ab"}, {"e": "aggTrade", "E": 1712070252796, "a": 2111730853, "s": "BTCUSDT", "p": "65824.80", "q": "0.004", "f": 4828133070, "l": 4828133071, "T": 1712070252790, "m": false, "_doc": "ded4362d-cd7f-4d78-a497-56cfaef6f6ab"}, {"e": "aggTrade", "E": 1712070252793, "a": 2111730852, "s": "BTCUSDT", "p": "65824.50", "q": "0.002", "f": 4828133069, "l": 4828133069, "T": 1712070252790, "m": false, "_doc": "367131a1-b61d-436d-b1e7-6be80f8936a7"}, {"e": "aggTrade", "E": 1712070252793, "a": 2111730851, "s": "BTCUSDT", "p": "65824.40", "q": "0.011", "f": 4828133067, "l": 4828133068, "T": 1712070252790, "m": true, "_doc": "70a46ab1-51f0-4606-b6fe-6c25746ddf19"}, {"e": "aggTrade", "E": 1712070252793, "a": 2111730850, "s": "BTCUSDT", "p": "65823.90", "q": "0.035", "f": 4828133058, "l": 4828133066, "T": 1712070252788, "m": false, "_doc": "d71e5919-332a-4cfa-ba66-fdfccb99f398"}, {"e": "aggTrade", "E": 1712070252784, "a": 2111730849, "s": "BTCUSDT", "p": "65823.90", "q": "0.036", "f": 4828133053, "l": 4828133057, "T": 1712070252629, "m": false, "_doc": "7262d969-ad64-45dc-890e-c1862062595f"}, {"e": "aggTrade", "E": 1712070252633, "a": 2111730848, "s": "BTCUSDT", "p": "65823.80", "q": "0.002", "f": 4828133052, "l": 4828133052, "T": 1712070252589, "m": true, "_doc": "f52f80d6-6da2-43f2-95e3-582d477134d9"}, {"e": "aggTrade", "E": 1712070252632, "a": 11234607, "s": "BTCUSDC", "p": "65829.9", "q": "0.066", "f": 17380744, "l": 17380745, "T": 1712070252478, "m": false, "_doc": "b51f08d7-5903-4fbe-a8f1-aac081d2d762"}, {"e": "aggTrade", "E": 1712070252592, "a": 2111730847, "s": "BTCUSDT", "p": "65821.80", "q": "0.012", "f": 4828133051, "l": 4828133051, "T": 1712070252480, "m": false, "_doc": "e77ac4b7-06d2-4224-aef6-69c8c6a59915"}, {"e": "aggTrade", "E": 1712070252484, "a": 2111730846, "s": "BTCUSDT", "p": "65821.00", "q": "0.037", "f": 4828133050, "l": 4828133050, "T": 1712070252480, "m": false, "_doc": "db6bcdcb-2f3b-4221-b05b-0b648d73e3ef"}, {"e": "aggTrade", "E": 1712070252484, "a": 2111730845, "s": "BTCUSDT", "p": "65820.80", "q": "0.037", "f": 4828133049, "l": 4828133049, "T": 1712070252480, "m": false, "_doc": "a5e555e7-1599-453e-9578-42972d748a13"}, {"e": "aggTrade", "E": 1712070252484, "a": 2111730844, "s": "BTCUSDT", "p": "65820.60", "q": "0.037", "f": 4828133048, "l": 4828133048, "T": 1712070252480, "m": false, "_doc": "64f46d45-2363-4668-9042-b8072ccb49d0"}, {"e": "aggTrade", "E": 1712070252484, "a": 2111730843, "s": "BTCUSDT", "p": "65820.50", "q": "0.002", "f": 4828133047, "l": 4828133047, "T": 1712070252480, "m": false, "_doc": "7aa8c59d-214c-46f9-a6bc-310d7aaff168"}, {"e": "aggTrade", "E": 1712070252484, "a": 2111730842, "s": "BTCUSDT", "p": "65820.40", "q": "0.036", "f": 4828133046, "l": 4828133046, "T": 1712070252480, "m": false, "_doc": "b59693d5-2b7e-4327-971b-a6b0046eff7d"}