[{"e": "depthUpdate", "E": 1712070279125, "T": 1712070279112, "s": "BTCUSD_PERP", "ps": "BTCUSD", "U": 906367635789, "u": 906367638180, "pu": 906367635778, "b": [["5000.0", "1"], ["32920.9", "0"], ["62333.0", "938"], ["65512.7", "1"], ["65598.5", "0"], ["65617.7", "20000"], ["65708.1", "296"], ["65735.0", "493"], ["65737.4", "511"], ["65761.2", "0"], ["65786.7", "0"], ["65790.1", "8421"], ["65793.8", "114"], ["65796.4", "300"], ["65798.1", "2981"], ["65800.7", "1376"], ["65802.1", "1"], ["65802.3", "300"], ["65804.1", "2097"], ["65808.2", "0"], ["65808.3", "6"], ["65810.9", "0"], ["65811.7", "690"], ["65812.7", "7"], ["65815.1", "206"], ["65815.5", "300"], ["65816.6", "0"], ["65817.2", "1"], ["65817.5", "16"], ["65818.1", "0"], ["65820.1", "1"], ["65820.4", "36"], ["65822.8", "0"], ["65824.1", "7"], ["65824.2", "2"], ["65824.5", "0"], ["65824.7", "1689"], ["65825.1", "0"], ["65826.4", "498"], ["65826.7", "0"], ["65827.9", "10"], ["65828.0", "96"], ["65828.1", "50"], ["65828.2", "0"], ["65828.3", "10"], ["65828.4", "527"], ["65828.7", "18"], ["65828.8", "10"], ["65828.9", "12"], ["65829.0", "93"], ["65829.1", "1000"], ["65829.2", "500"], ["65829.3", "0"], ["65829.4", "629"], ["65829.5", "0"], ["65829.8", "1"], ["65830.0", "757"], ["65830.7", "0"], ["65831.1", "0"], ["65831.3", "1908"], ["65831.4", "0"], ["65831.5", "0"], ["65832.1", "1210"], ["65832.8", "0"], ["65833.1", "0"], ["65833.2", "4"], ["65833.3", "450"], ["65833.8", "0"], ["65834.6", "0"], ["65834.7", "1151"], ["65834.8", "0"], ["65835.0", "0"], ["65835.3", "0"], ["65836.0", "195"], ["65836.1", "0"], ["65836.2", "0"], ["65836.4", "0"], ["65836.8", "0"], ["65836.9", "0"], ["65837.0", "0"], ["65837.1", "429"], ["65837.6", "0"], ["65838.2", "500"], ["65838.5", "0"], ["65838.6", "0"], ["65841.9", "1386"]], "a": [["65837.0", "0"], ["65837.1", "0"], ["65838.3", "0"], ["65840.1", "0"], ["65842.0", "3506"], ["65845.5", "151"], ["65850.6", "140"], ["65850.7", "0"], ["65852.5", "151"], ["65852.8", "25"], ["65852.9", "0"], ["65853.0", "0"], ["65853.3", "0"], ["65853.5", "0"], ["65853.6", "0"], ["65853.7", "8"], ["65853.8", "0"], ["65853.9", "0"], ["65854.1", "0"], ["65854.3", "0"], ["65854.4", "0"], ["65855.6", "44"], ["65855.7", "10"], ["65855.9", "1"], ["65856.0", "247"], ["65856.4", "0"], ["65856.5", "87"], ["65857.2", "0"], ["65857.4", "461"], ["65858.8", "0"], ["65859.5", "161"], ["65859.6", "0"], ["65860.4", "519"], ["65861.6", "415"], ["65862.4", "0"], ["65862.9", "9"], ["65863.0", "151"], ["65863.2", "603"], ["65863.6", "0"], ["65865.7", "0"], ["65868.6", "7"], ["65872.4", "4"], ["65873.1", "4"], ["65873.7", "0"], ["65874.4", "1"], ["65874.9", "0"], ["65875.9", "74"], ["65879.2", "2"], ["65881.4", "6"], ["65882.4", "0"], ["65882.5", "7221"], ["65883.4", "2230"], ["65885.6", "8"], ["65885.9", "0"], ["65886.3", "8"], ["65886.9", "5"], ["65890.4", "775"], ["65896.8", "11"], ["65904.6", "0"], ["65926.6", "0"], ["65928.5", "0"], ["65933.0", "517"], ["65933.5", "846"], ["65942.0", "989"], ["65947.7", "0"], ["65950.3", "0"], ["65971.5", "0"], ["65997.6", "0"], ["66039.9", "0"], ["66408.5", "0"], ["66528.8", "0"], ["66528.9", "0"], ["66566.2", "5"], ["66583.5", "0"], ["66589.1", "0"], ["66609.2", "0"], ["66649.3", "0"], ["66661.7", "0"], ["66671.2", "14"], ["66671.3", "1"], ["66683.1", "0"], ["66691.9", "0"], ["66697.9", "2198"], ["66805.9", "0"], ["66817.4", "0"], ["66824.3", "0"], ["66835.4", "0"], ["66905.4", "0"], ["66916.7", "0"], ["66938.3", "1"], ["67138.1", "1"], ["67149.3", "1677"], ["67149.4", "0"], ["67168.6", "0"], ["67596.0", "0"], ["67619.3", "0"], ["67619.4", "0"], ["67619.5", "0"], ["71699.8", "0"], ["71699.9", "0"]], "_doc": "db48976e-8c5f-467a-bd18-d20d1d1bdf92"}, {"e": "depthUpdate", "E": 1712070278624, "T": 1712070278616, "s": "BTCUSD_PERP", "ps": "BTCUSD", "U": 906367633053, "u": 906367635778, "pu": 906367633017, "b": [["5000.0", "1"], ["32920.9", "2"], ["64985.5", "0"], ["65123.6", "3"], ["65512.7", "1"], ["65737.3", "846"], ["65746.2", "0"], ["65761.6", "0"], ["65762.0", "0"], ["65780.3", "0"], ["65780.4", "592"], ["65789.3", "0"], ["65789.7", "0"], ["65790.1", "8550"], ["65809.2", "405"], ["65812.4", "0"], ["65812.7", "0"], ["65815.1", "0"], ["65816.7", "300"], ["65817.2", "8"], ["65818.0", "513"], ["65820.7", "0"], ["65826.1", "0"], ["65826.6", "41"], ["65826.7", "0"], ["65827.2", "140"], ["65827.3", "861"], ["65827.9", "1612"], ["65828.0", "157"], ["65828.3", "615"], ["65828.4", "971"], ["65828.7", "318"], ["65828.9", "62"], ["65829.0", "94"], ["65829.2", "0"], ["65829.4", "1234"], ["65829.5", "1908"], ["65829.6", "0"], ["65830.0", "1155"], ["65830.3", "12"], ["65830.5", "146"], ["65830.8", "1"], ["65831.0", "500"], ["65831.1", "500"], ["65831.3", "0"], ["65831.5", "61"], ["65831.6", "0"], ["65831.7", "0"], ["65832.1", "0"], ["65832.3", "0"], ["65832.5", "0"], ["65832.8", "0"], ["65833.1", "0"], ["65833.2", "4"], ["65833.3", "0"], ["65833.8", "0"], ["65834.0", "0"], ["65834.2", "1"], ["65834.3", "0"], ["65834.6", "0"], ["65834.9", "0"], ["65835.0", "267"], ["65835.1", "0"], ["65836.0", "394"], ["65836.3", "0"], ["65836.4", "7"], ["65836.5", "0"], ["65836.8", "0"], ["65836.9", "423"], ["65837.0", "0"], ["65837.1", "0"], ["65837.2", "0"], ["65838.5", "61"], ["65838.6", "45"], ["65840.1", "1"], ["65841.9", "3559"]], "a": [["65840.1", "0"], ["65842.0", "3172"], ["65846.7", "0"], ["65847.9", "0"], ["65849.0", "151"], ["65849.9", "0"], ["65850.7", "115"], ["65852.3", "0"], ["65852.5", "212"], ["65854.6", "1"], ["65854.7", "0"], ["65854.8", "2"], ["65854.9", "178"], ["65855.0", "0"], ["65855.1", "0"], ["65855.3", "0"], ["65855.6", "0"], ["65855.7", "85"], ["65856.0", "308"], ["65857.1", "10"], ["65857.3", "479"], ["65857.8", "7"], ["65857.9", "500"], ["65858.1", "0"], ["65858.3", "650"], ["65859.3", "7"], ["65859.5", "222"], ["65859.6", "0"], ["65860.3", "10"], ["65860.4", "19"], ["65861.1", "0"], ["65861.5", "12"], ["65862.8", "0"], ["65862.9", "9"], ["65863.0", "212"], ["65863.2", "0"], ["65863.4", "0"], ["65863.6", "500"], ["65864.2", "605"], ["65864.7", "0"], ["65865.6", "0"], ["65866.4", "7"], ["65866.5", "11"], ["65866.7", "605"], ["65868.5", "0"], ["65868.6", "7"], ["65868.7", "613"], ["65869.8", "847"], ["65869.9", "0"], ["65870.3", "150"], ["65870.6", "56"], ["65871.8", "0"], ["65871.9", "1803"], ["65874.4", "0"], ["65874.9", "0"], ["65875.5", "0"], ["65877.0", "40"], ["65881.1", "0"], ["65881.4", "1909"], ["65882.4", "0"], ["65882.5", "7139"], ["65885.0", "1"], ["65885.1", "0"], ["65885.8", "0"], ["65885.9", "0"], ["65886.6", "6"], ["65887.1", "0"], ["65888.3", "0"], ["65888.7", "0"], ["65903.3", "8"], ["65903.4", "2986"], ["65911.9", "305"], ["65912.2", "0"], ["65913.3", "0"], ["65913.4", "0"], ["66132.3", "0"], ["66566.3", "930"], ["71699.8", "1"], ["71699.9", "1"], ["71700.0", "235"]], "_doc": "2ba84280-7383-437c-8a84-c5444b1c86a5"}, {"e": "depthUpdate", "E": 1712070278120, "T": 1712070278106, "s": "BTCUSD_PERP", "ps": "BTCUSD", "U": 906367630450, "u": 906367633017, "pu": 906367630448, "b": [["5000.0", "1"], ["32920.9", "0"], ["64531.1", "0"], ["65111.8", "5656"], ["65512.7", "0"], ["65722.8", "2001"], ["65751.0", "0"], ["65789.7", "8716"], ["65793.1", "0"], ["65798.7", "1206"], ["65798.8", "0"], ["65802.6", "0"], ["65809.6", "300"], ["65810.7", "0"], ["65810.8", "359"], ["65812.4", "7"], ["65812.6", "300"], ["65815.0", "344"], ["65818.1", "0"], ["65819.1", "0"], ["65822.3", "336"], ["65822.6", "0"], ["65822.8", "300"], ["65823.4", "0"], ["65823.5", "0"], ["65824.5", "300"], ["65827.1", "0"], ["65827.2", "147"], ["65828.0", "96"], ["65828.8", "10"], ["65829.3", "300"], ["65829.8", "1"], ["65829.9", "20"], ["65830.1", "0"], ["65830.3", "26"], ["65830.5", "1002"], ["65830.7", "237"], ["65830.8", "1"], ["65831.0", "525"], ["65831.5", "500"], ["65831.6", "1559"], ["65831.7", "943"], ["65831.8", "0"], ["65832.5", "0"], ["65832.8", "0"], ["65833.1", "1901"], ["65833.8", "0"], ["65834.1", "0"], ["65834.2", "606"], ["65834.3", "1102"], ["65834.4", "0"], ["65834.5", "329"], ["65834.9", "0"], ["65835.0", "0"], ["65835.5", "0"], ["65836.0", "444"], ["65836.1", "0"], ["65836.2", "450"], ["65836.3", "428"], ["65836.7", "100"], ["65837.1", "0"], ["65837.2", "0"], ["65837.3", "0"], ["65838.5", "0"], ["65838.6", "0"], ["65840.0", "96"], ["65841.9", "4007"]], "a": [["65840.1", "0"], ["65842.0", "2959"], ["65843.9", "0"], ["65846.7", "2"], ["65847.2", "19"], ["65847.8", "1"], ["65848.4", "36"], ["65850.7", "140"], ["65852.0", "96"], ["65852.4", "2"], ["65852.5", "151"], ["65855.3", "25"], ["65855.4", "0"], ["65855.5", "0"], ["65855.7", "10"], ["65855.8", "10"], ["65855.9", "0"], ["65856.0", "247"], ["65856.3", "0"], ["65856.4", "0"], ["65856.5", "0"], ["65856.6", "625"], ["65858.1", "7"], ["65858.4", "0"], ["65859.4", "97"], ["65859.5", "161"], ["65860.4", "26"], ["65860.5", "10"], ["65861.1", "7"], ["65863.0", "151"], ["65863.4", "500"], ["65865.0", "100"], ["65866.4", "0"], ["65866.5", "11"], ["65868.0", "1"], ["65868.2", "4"], ["65869.1", "736"], ["65870.6", "0"], ["65871.0", "2"], ["65873.5", "20"], ["65882.4", "6795"], ["65882.5", "344"], ["65883.3", "0"], ["65885.9", "0"], ["65886.6", "1909"], ["65887.9", "0"], ["65890.3", "308"], ["65905.1", "330"], ["65944.1", "1221"], ["65950.4", "300"], ["65951.1", "300"], ["65952.5", "338"], ["65963.0", "300"], ["65964.1", "0"], ["65964.3", "300"], ["65966.3", "0"], ["65976.7", "0"], ["65979.5", "0"], ["65980.2", "0"], ["66560.3", "2658"], ["67163.4", "1677"], ["67750.0", "4459"], ["68104.1", "0"]], "_doc": "e73d745d-10ad-4576-84be-b84babae169c"}, {"e": "depthUpdate", "E": 1712070277619, "T": 1712070277612, "s": "BTCUSD_PERP", "ps": "BTCUSD", "U": 906367624932, "u": 906367630448, "pu": 906367624928, "b": [["5000.0", "1"], ["32920.9", "0"], ["64984.0", "0"], ["65031.3", "0"], ["65070.1", "193"], ["65506.8", "0"], ["65512.7", "1"], ["65727.9", "874"], ["65770.9", "0"], ["65772.8", "2"], ["65773.1", "100"], ["65780.7", "1"], ["65781.9", "15"], ["65785.1", "0"], ["65785.3", "1"], ["65787.1", "1"], ["65789.6", "6"], ["65793.0", "0"], ["65793.1", "8716"], ["65793.4", "1"], ["65794.5", "1"], ["65796.0", "0"], ["65796.1", "4"], ["65796.2", "0"], ["65797.0", "0"], ["65799.7", "0"], ["65800.6", "141"], ["65801.1", "0"], ["65803.1", "0"], ["65804.8", "0"], ["65808.0", "96"], ["65808.3", "1795"], ["65809.2", "0"], ["65809.7", "300"], ["65810.5", "1000"], ["65810.8", "659"], ["65811.8", "1"], ["65812.0", "96"], ["65812.4", "0"], ["65813.9", "0"], ["65814.2", "0"], ["65814.4", "0"], ["65817.5", "723"], ["65818.0", "918"], ["65818.1", "7"], ["65818.5", "0"], ["65819.0", "0"], ["65819.2", "0"], ["65819.9", "33"], ["65820.0", "105"], ["65820.1", "0"], ["65820.6", "1"], ["65820.7", "1"], ["65821.1", "0"], ["65821.7", "0"], ["65822.4", "0"], ["65822.8", "600"], ["65823.5", "0"], ["65824.0", "97"], ["65824.1", "0"], ["65824.8", "240"], ["65824.9", "0"], ["65825.0", "0"], ["65825.3", "20"], ["65825.6", "10"], ["65825.8", "510"], ["65825.9", "10"], ["65826.1", "0"], ["65826.3", "20"], ["65826.8", "0"], ["65826.9", "0"], ["65827.9", "10"], ["65828.0", "96"], ["65828.3", "10"], ["65828.8", "10"], ["65829.0", "93"], ["65829.7", "0"], ["65829.9", "55"], ["65830.0", "10"], ["65830.1", "7"], ["65830.4", "300"], ["65830.5", "2"], ["65831.4", "0"], ["65831.5", "0"], ["65831.6", "1559"], ["65831.7", "943"], ["65831.8", "500"], ["65832.4", "30"], ["65832.5", "50"], ["65832.7", "10"], ["65832.8", "0"], ["65832.9", "1"], ["65833.0", "91"], ["65833.1", "0"], ["65833.2", "4"], ["65833.8", "847"], ["65833.9", "0"], ["65834.0", "605"], ["65834.1", "517"], ["65834.2", "1"], ["65834.3", "14"], ["65834.4", "0"], ["65834.5", "0"], ["65834.9", "0"], ["65835.0", "1"], ["65835.1", "605"], ["65835.3", "30"], ["65835.4", "0"], ["65835.6", "0"], ["65836.0", "1044"], ["65836.1", "0"], ["65836.2", "0"], ["65836.3", "0"], ["65836.4", "0"], ["65836.5", "0"], ["65836.6", "0"], ["65836.7", "0"], ["65836.8", "0"], ["65836.9", "0"], ["65837.0", "7"], ["65837.1", "605"], ["65837.2", "1901"], ["65837.3", "1142"], ["65838.0", "0"], ["65838.1", "0"], ["65838.2", "0"], ["65838.5", "0"], ["65838.6", "0"], ["65838.7", "0"], ["65839.9", "0"], ["65840.0", "245"], ["65840.1", "1"], ["65840.2", "0"], ["65841.9", "4275"], ["65843.9", "0"], ["65844.1", "0"], ["65845.7", "0"], ["65846.7", "0"], ["65846.8", "0"]], "a": [["65837.2", "0"], ["65840.1", "0"], ["65840.2", "0"], ["65840.3", "0"], ["65842.0", "2609"], ["65843.0", "314"], ["65844.7", "0"], ["65846.8", "58"], ["65846.9", "2"], ["65847.0", "0"], ["65847.1", "0"], ["65847.2", "0"], ["65848.7", "0"], ["65849.6", "0"], ["65850.0", "7"], ["65850.3", "0"], ["65850.6", "0"], ["65850.7", "65"], ["65850.9", "450"], ["65851.0", "450"], ["65851.1", "450"], ["65851.4", "0"], ["65851.7", "0"], ["65852.2", "0"], ["65852.3", "1"], ["65852.4", "4"], ["65853.2", "10"], ["65854.0", "0"], ["65854.1", "0"], ["65854.5", "38"], ["65854.6", "1"], ["65854.8", "2"], ["65855.0", "0"], ["65855.4", "0"], ["65855.7", "10"], ["65855.8", "10"], ["65856.0", "247"], ["65856.6", "11"], ["65857.1", "10"], ["65857.6", "0"], ["65857.8", "0"], ["65858.3", "650"], ["65858.4", "25"], ["65859.4", "0"], ["65859.5", "161"], ["65859.9", "0"], ["65860.0", "26"], ["65860.4", "7"], ["65860.5", "10"], ["65860.6", "10"], ["65860.8", "0"], ["65861.1", "14"], ["65861.3", "0"], ["65861.5", "12"], ["65861.6", "10"], ["65861.8", "0"], ["65861.9", "0"], ["65862.0", "0"], ["65862.2", "0"], ["65863.0", "151"], ["65863.5", "0"], ["65863.6", "147"], ["65863.7", "0"], ["65864.2", "7"], ["65865.2", "0"], ["65865.3", "0"], ["65865.5", "602"], ["65865.8", "0"], ["65865.9", "0"], ["65866.3", "0"], ["65866.4", "97"], ["65866.5", "11"], ["65866.7", "0"], ["65867.0", "0"], ["65867.4", "0"], ["65867.5", "0"], ["65868.5", "7"], ["65868.6", "7"], ["65868.7", "8"], ["65869.5", "0"], ["65869.9", "1210"], ["65870.0", "565"], ["65870.8", "0"], ["65870.9", "0"], ["65871.5", "1"], ["65871.7", "0"], ["65871.8", "605"], ["65872.8", "0"], ["65874.3", "0"], ["65874.9", "1"], ["65875.4", "0"], ["65875.5", "847"], ["65876.6", "1"], ["65878.7", "0"], ["65879.4", "0"], ["65881.0", "0"], ["65883.7", "556"], ["65885.8", "0"], ["65885.9", "6789"], ["65886.0", "2"], ["65887.9", "1903"], ["65888.4", "0"], ["65890.3", "0"], ["65892.4", "0"], ["65893.2", "6"], ["65893.5", "0"], ["65903.6", "0"], ["65903.7", "1"], ["65904.3", "3"], ["65904.4", "0"], ["65904.7", "8"], ["65904.8", "8"], ["65926.4", "2"], ["66700.1", "0"], ["66763.8", "1000"], ["66829.6", "1001"], ["67207.4", "0"]], "_doc": "f0f02ef7-8b29-4af3-9a58-b5be19b61a17"}, {"e": "depthUpdate", "E": 1712070277119, "T": 1712070277109, "s": "BTCUSD_PERP", "ps": "BTCUSD", "U": 906367613630, "u": 906367624928, "pu": 906367613624, "b": [["5000.0", "2"], ["32918.0", "0"], ["63882.0", "1276"], ["65196.7", "0"], ["65216.5", "0"], ["65256.6", "157"], ["65506.8", "1"], ["65722.8", "2000"], ["65733.9", "2001"], ["65746.2", "846"], ["65749.9", "0"], ["65755.2", "0"], ["65759.0", "4807"], ["65760.9", "0"], ["65766.9", "2000"], ["65775.7", "0"], ["65777.0", "15"], ["65779.2", "238"], ["65779.4", "1"], ["65780.7", "0"], ["65782.5", "0"], ["65782.7", "0"], ["65785.1", "30"], ["65785.3", "39"], ["65789.0", "940"], ["65789.2", "1"], ["65789.3", "585"], ["65789.6", "0"], ["65790.5", "0"], ["65791.4", "0"], ["65792.1", "0"], ["65792.2", "0"], ["65792.9", "188"], ["65793.4", "3"], ["65793.9", "0"], ["65794.0", "0"], ["65794.5", "14"], ["65795.7", "1"], ["65795.8", "0"], ["65795.9", "12"], ["65796.0", "8716"], ["65796.1", "0"], ["65797.0", "2"], ["65797.1", "0"], ["65797.8", "0"], ["65798.3", "0"], ["65798.5", "0"], ["65798.9", "0"], ["65799.0", "0"], ["65799.1", "0"], ["65800.6", "0"], ["65801.1", "13"], ["65803.1", "6"], ["65803.3", "0"], ["65804.8", "15"], ["65805.1", "42"], ["65805.7", "0"], ["65805.9", "0"], ["65806.0", "6"], ["65806.1", "0"], ["65806.5", "0"], ["65808.1", "0"], ["65808.3", "1797"], ["65808.9", "1001"], ["65809.0", "0"], ["65809.2", "8"], ["65809.3", "0"], ["65809.7", "441"], ["65810.2", "785"], ["65810.4", "1"], ["65810.7", "300"], ["65810.8", "359"], ["65811.2", "0"], ["65811.8", "9"], ["65812.1", "0"], ["65812.2", "0"], ["65812.3", "15"], ["65812.5", "0"], ["65814.4", "246"], ["65815.6", "9"], ["65816.1", "34"], ["65816.3", "0"], ["65816.5", "0"], ["65816.6", "6"], ["65818.0", "933"], ["65818.9", "0"], ["65819.0", "7"], ["65819.1", "146"], ["65819.3", "0"], ["65820.7", "0"], ["65821.6", "0"], ["65822.3", "301"], ["65822.4", "14"], ["65822.5", "0"], ["65822.6", "300"], ["65822.7", "300"], ["65822.8", "610"], ["65823.4", "300"], ["65823.6", "0"], ["65824.0", "107"], ["65824.1", "10"], ["65824.5", "0"], ["65824.8", "259"], ["65825.0", "4"], ["65825.5", "0"], ["65826.8", "0"], ["65827.0", "0"], ["65827.1", "140"], ["65827.2", "0"], ["65828.0", "157"], ["65828.4", "1"], ["65828.9", "12"], ["65829.1", "1000"], ["65829.5", "0"], ["65829.6", "0"], ["65830.4", "1"], ["65831.1", "0"], ["65831.2", "461"], ["65831.3", "0"], ["65831.4", "19"], ["65831.5", "61"], ["65832.1", "0"], ["65832.5", "0"], ["65832.6", "0"], ["65832.7", "0"], ["65832.9", "6"], ["65833.7", "30"], ["65833.8", "7"], ["65834.4", "0"], ["65834.5", "0"], ["65834.8", "30"], ["65834.9", "0"], ["65835.0", "64"], ["65835.1", "0"], ["65835.2", "0"], ["65835.3", "635"], ["65835.5", "50"], ["65835.6", "0"], ["65835.9", "701"], ["65836.0", "1866"], ["65836.1", "4"], ["65836.2", "861"], ["65836.3", "75"], ["65836.4", "1901"], ["65836.6", "0"], ["65837.5", "1"], ["65837.6", "1"], ["65838.0", "19"], ["65838.1", "7"], ["65838.5", "61"], ["65838.6", "0"], ["65838.9", "0"], ["65839.8", "1"], ["65839.9", "40"], ["65840.0", "3359"], ["65840.1", "1"], ["65840.3", "0"], ["65840.4", "0"], ["65841.6", "0"], ["65841.8", "1"], ["65841.9", "10418"], ["65843.9", "0"], ["65844.0", "0"], ["65844.1", "0"], ["65845.7", "0"], ["65846.7", "0"], ["65846.8", "0"], ["65846.9", "0"], ["65847.0", "0"], ["65847.1", "0"], ["65847.7", "0"], ["65847.9", "0"], ["65848.3", "0"], ["65849.5", "0"], ["65849.7", "0"], ["65849.9", "0"], ["65850.2", "0"], ["65850.5", "0"], ["65851.9", "0"]], "a": [["65834.9", "0"], ["65835.1", "0"], ["65835.3", "0"], ["65835.4", "0"], ["65836.0", "0"], ["65836.1", "0"], ["65839.0", "0"], ["65840.0", "0"], ["65840.1", "0"], ["65840.2", "0"], ["65840.4", "0"], ["65840.5", "0"], ["65841.7", "0"], ["65842.0", "220"], ["65844.1", "0"], ["65844.4", "0"], ["65846.9", "82"], ["65847.0", "75"], ["65847.1", "78"], ["65847.8", "0"], ["65849.8", "0"], ["65850.8", "101"], ["65851.4", "1599"], ["65852.0", "471"], ["65852.1", "0"], ["65853.6", "0"], ["65853.9", "0"], ["65854.5", "0"], ["65855.0", "20"], ["65855.3", "0"], ["65855.5", "0"], ["65855.9", "0"], ["65856.0", "257"], ["65856.1", "0"], ["65856.5", "0"], ["65856.7", "25"], ["65857.2", "0"], ["65857.3", "479"], ["65857.6", "87"], ["65857.7", "0"], ["65857.8", "0"], ["65858.0", "1"], ["65858.1", "0"], ["65858.2", "20"], ["65858.7", "0"], ["65859.0", "0"], ["65859.1", "0"], ["65859.4", "0"], ["65859.5", "212"], ["65859.9", "0"], ["65860.1", "0"], ["65860.7", "0"], ["65861.0", "0"], ["65861.2", "500"], ["65861.8", "10"], ["65861.9", "75"], ["65862.0", "0"], ["65862.1", "0"], ["65862.2", "7"], ["65862.3", "0"], ["65862.8", "0"], ["65862.9", "2"], ["65863.0", "212"], ["65863.2", "0"], ["65863.6", "0"], ["65863.7", "2"], ["65864.1", "1"], ["65864.3", "94"], ["65865.0", "0"], ["65865.1", "0"], ["65865.3", "0"], ["65865.7", "44"], ["65865.9", "0"], ["65866.1", "0"], ["65866.2", "0"], ["65866.3", "0"], ["65866.5", "72"], ["65867.1", "0"], ["65867.4", "7"], ["65867.5", "100"], ["65868.0", "0"], ["65868.5", "7"], ["65868.6", "0"], ["65868.7", "8"], ["65868.8", "719"], ["65869.3", "0"], ["65869.6", "0"], ["65869.7", "0"], ["65869.8", "0"], ["65869.9", "8"], ["65870.0", "626"], ["65870.1", "11"], ["65870.6", "100"], ["65870.9", "0"], ["65871.3", "15"], ["65871.8", "0"], ["65871.9", "1775"], ["65872.8", "7"], ["65872.9", "0"], ["65873.0", "149"], ["65873.3", "0"], ["65873.5", "1"], ["65874.3", "1210"], ["65874.4", "0"], ["65875.1", "0"], ["65875.3", "1"], ["65875.4", "605"], ["65875.5", "0"], ["65875.8", "2"], ["65875.9", "479"], ["65876.8", "2"], ["65876.9", "1952"], ["65877.0", "0"], ["65877.9", "28"], ["65878.3", "0"], ["65878.7", "1"], ["65878.8", "1000"], ["65878.9", "1000"], ["65879.4", "854"], ["65879.5", "0"], ["65879.6", "592"], ["65879.9", "498"], ["65881.4", "6"], ["65881.8", "1"], ["65882.8", "0"], ["65885.0", "29"], ["65885.1", "0"], ["65886.2", "151"], ["65887.1", "40"], ["65887.9", "0"], ["65888.0", "297"], ["65888.3", "8"], ["65888.4", "6789"], ["65888.5", "0"], ["65888.6", "1"], ["65888.8", "13"], ["65889.8", "0"], ["65890.8", "0"], ["65891.2", "0"], ["65893.2", "1909"], ["65893.5", "147"], ["65893.6", "0"], ["65894.7", "20"], ["65895.1", "0"], ["65895.9", "2"], ["65896.8", "1"], ["65899.7", "294"], ["65902.0", "0"], ["65902.1", "0"], ["65902.8", "10"], ["65902.9", "0"], ["65903.1", "0"], ["65903.2", "0"], ["65903.3", "0"], ["65903.4", "0"], ["65903.5", "0"], ["65903.6", "8"], ["65903.7", "9"], ["65904.6", "585"], ["65913.3", "0"], ["65914.2", "1"], ["65922.2", "455"], ["65927.2", "17"], ["65939.0", "0"], ["65947.7", "846"], ["65951.5", "0"], ["65953.1", "0"], ["65959.1", "110"], ["65959.4", "0"], ["65964.3", "0"], ["65971.6", "1000"], ["65976.7", "300"], ["65979.5", "300"], ["65980.2", "1"], ["65983.3", "10"], ["65987.9", "481"], ["66016.0", "276"], ["66513.7", "0"], ["66757.8", "3666"], ["66831.4", "0"]], "_doc": "5a833e51-7ce1-434c-9f36-e86806a9e417"}, {"e": "depthUpdate", "E": 1712070276619, "T": 1712070276611, "s": "BTCUSD_PERP", "ps": "BTCUSD", "U": 906367608018, "u": 906367613624, "pu": 906367607805, "b": [["5000.0", "2"], ["32918.0", "0"], ["65046.0", "2078"], ["65123.7", "0"], ["65506.8", "1"], ["65726.6", "0"], ["65757.3", "607"], ["65780.1", "113"], ["65781.9", "17"], ["65789.3", "0"], ["65789.6", "8680"], ["65792.9", "188"], ["65793.0", "0"], ["65795.8", "0"], ["65805.2", "1000"], ["65808.0", "98"], ["65808.2", "2981"], ["65808.3", "2"], ["65809.6", "0"], ["65810.5", "1002"], ["65812.5", "7"], ["65815.4", "0"], ["65816.4", "0"], ["65816.5", "4"], ["65816.7", "0"], ["65817.1", "17"], ["65819.3", "0"], ["65822.8", "30"], ["65824.5", "0"], ["65825.6", "0"], ["65826.1", "90"], ["65826.4", "498"], ["65827.0", "7"], ["65828.0", "96"], ["65828.2", "36"], ["65829.1", "1002"], ["65829.2", "0"], ["65829.9", "35"], ["65830.4", "0"], ["65831.3", "14"], ["65831.5", "0"], ["65832.0", "96"], ["65832.1", "76"], ["65832.4", "30"], ["65832.6", "605"], ["65832.7", "1024"], ["65833.9", "0"], ["65834.0", "0"], ["65834.1", "0"], ["65834.2", "1"], ["65834.3", "0"], ["65834.4", "0"], ["65834.9", "0"], ["65835.0", "0"], ["65835.1", "0"], ["65836.0", "10183"]], "a": [["65834.9", "0"], ["65835.1", "0"], ["65835.3", "0"], ["65835.4", "0"], ["65836.0", "0"], ["65836.1", "1565"], ["65837.7", "0"], ["65841.7", "316"], ["65843.9", "0"], ["65844.7", "0"], ["65845.7", "0"], ["65846.7", "0"], ["65846.9", "2"], ["65849.0", "0"], ["65849.8", "1599"], ["65849.9", "0"], ["65851.6", "0"], ["65851.9", "0"], ["65852.1", "0"], ["65853.5", "0"], ["65853.6", "3"], ["65853.9", "90"], ["65854.2", "0"], ["65854.8", "2"], ["65855.8", "0"], ["65855.9", "500"], ["65856.0", "257"], ["65856.1", "99"], ["65856.8", "0"], ["65856.9", "0"], ["65857.2", "7"], ["65857.3", "569"], ["65859.2", "0"], ["65859.3", "0"], ["65859.4", "0"], ["65859.5", "151"], ["65860.6", "0"], ["65860.7", "25"], ["65861.0", "14"], ["65861.1", "0"], ["65861.3", "0"], ["65862.7", "0"], ["65862.8", "7"], ["65862.9", "2"], ["65863.0", "151"], ["65863.2", "7"], ["65863.7", "0"], ["65864.0", "0"], ["65865.1", "100"], ["65865.3", "1210"], ["65865.4", "0"], ["65865.5", "602"], ["65866.5", "0"], ["65866.7", "0"], ["65867.7", "0"], ["65867.8", "0"], ["65868.0", "0"], ["65868.6", "606"], ["65868.7", "0"], ["65869.7", "0"], ["65869.8", "8"], ["65870.0", "565"], ["65870.4", "1000"], ["65870.9", "1"], ["65872.8", "847"], ["65876.6", "0"], ["65877.4", "0"], ["65878.3", "0"], ["65881.7", "1"], ["65881.8", "6863"], ["65885.1", "0"], ["65887.9", "1903"], ["65890.3", "0"], ["65894.3", "0"], ["65914.2", "258"], ["65980.2", "1"], ["66013.4", "0"], ["66040.1", "0"], ["66044.1", "322"]], "_doc": "c9a71c12-0c18-4e87-a46e-aaaff2769d51"}, {"e": "depthUpdate", "E": 1712070276118, "T": 1712070276106, "s": "BTCUSD_PERP", "ps": "BTCUSD", "U": 906367598697, "u": 906367607805, "pu": 906367598685, "b": [["5000.0", "2"], ["32918.0", "0"], ["54000.0", "141701"], ["65046.0", "1039"], ["65506.8", "1"], ["65776.5", "1"], ["65779.2", "268"], ["65779.4", "39"], ["65785.9", "0"], ["65786.0", "0"], ["65789.3", "8680"], ["65789.4", "0"], ["65790.5", "13"], ["65797.1", "13"], ["65798.9", "15"], ["65802.9", "6"], ["65803.3", "8"], ["65805.9", "8"], ["65809.7", "0"], ["65812.1", "15"], ["65812.5", "7"], ["65816.5", "4"], ["65818.9", "19"], ["65819.1", "150"], ["65819.3", "0"], ["65821.0", "0"], ["65821.8", "2"], ["65823.5", "56"], ["65824.5", "61"], ["65825.5", "19"], ["65825.6", "7"], ["65826.2", "0"], ["65826.3", "0"], ["65826.6", "34"], ["65826.7", "305"], ["65826.8", "0"], ["65827.0", "0"], ["65827.5", "0"], ["65827.6", "0"], ["65828.0", "157"], ["65828.1", "0"], ["65828.2", "0"], ["65828.5", "0"], ["65828.6", "0"], ["65828.9", "17"], ["65829.2", "0"], ["65829.7", "609"], ["65829.8", "1"], ["65829.9", "0"], ["65830.2", "30"], ["65830.6", "0"], ["65831.3", "7"], ["65831.4", "0"], ["65831.5", "61"], ["65831.6", "0"], ["65832.0", "195"], ["65832.1", "126"], ["65832.2", "0"], ["65832.3", "0"], ["65832.4", "30"], ["65832.5", "847"], ["65832.6", "0"], ["65832.7", "0"], ["65832.8", "0"], ["65833.7", "30"], ["65833.8", "0"], ["65833.9", "0"], ["65834.0", "25"], ["65834.8", "33"], ["65835.0", "61"], ["65835.1", "1149"], ["65835.3", "30"], ["65836.0", "9922"], ["65836.4", "0"], ["65836.5", "0"], ["65836.6", "0"], ["65837.6", "0"], ["65838.3", "0"], ["65839.0", "0"], ["65839.4", "0"], ["65839.8", "0"], ["65839.9", "0"], ["65840.0", "0"], ["65840.7", "0"], ["65840.8", "0"], ["65841.3", "0"], ["65841.7", "0"], ["65841.8", "0"], ["65841.9", "0"], ["65842.0", "0"], ["65843.5", "0"], ["65843.6", "0"], ["65843.7", "0"], ["65843.8", "0"], ["65843.9", "0"], ["65844.0", "0"], ["65844.1", "0"], ["65844.2", "0"], ["65844.3", "0"], ["65844.4", "0"], ["65844.5", "0"], ["65844.6", "0"], ["65844.7", "0"], ["65844.8", "0"], ["65845.3", "0"], ["65845.4", "0"], ["65845.7", "0"], ["65846.7", "0"], ["65846.8", "0"], ["65847.0", "0"], ["65847.1", "0"]], "a": [["65834.8", "0"], ["65834.9", "0"], ["65835.3", "0"], ["65836.0", "0"], ["65836.1", "1595"], ["65836.5", "0"], ["65838.4", "0"], ["65839.6", "0"], ["65840.9", "0"], ["65841.9", "0"], ["65843.8", "0"], ["65843.9", "0"], ["65844.3", "0"], ["65844.4", "1"], ["65844.6", "0"], ["65845.4", "0"], ["65845.5", "0"], ["65846.7", "1618"], ["65847.9", "0"], ["65848.6", "0"], ["65849.0", "0"], ["65850.4", "0"], ["65850.5", "0"], ["65851.3", "0"], ["65851.6", "0"], ["65851.9", "18"], ["65852.0", "496"], ["65852.1", "2"], ["65852.5", "151"], ["65853.4", "0"], ["65853.5", "90"], ["65853.6", "0"], ["65853.7", "8"], ["65854.6", "11"], ["65855.6", "0"], ["65855.8", "17"], ["65855.9", "550"], ["65856.0", "257"], ["65856.4", "0"], ["65856.7", "0"], ["65857.3", "479"], ["65857.9", "500"], ["65858.5", "0"], ["65858.6", "0"], ["65859.3", "7"], ["65859.4", "7"], ["65859.5", "212"], ["65859.6", "0"], ["65860.5", "0"], ["65860.7", "0"], ["65861.1", "25"], ["65861.4", "1"], ["65862.0", "0"], ["65862.7", "1"], ["65862.8", "7"], ["65862.9", "1212"], ["65863.0", "212"], ["65863.2", "0"], ["65865.3", "0"], ["65865.4", "605"], ["65865.5", "1102"], ["65866.5", "61"], ["65867.8", "0"], ["65868.6", "7"], ["65868.7", "847"], ["65870.0", "626"], ["65870.1", "0"], ["65870.9", "8"], ["65872.8", "0"], ["65873.4", "0"], ["65875.4", "0"], ["65875.5", "0"], ["65877.4", "40"], ["65878.3", "1"], ["65878.4", "1"], ["65881.7", "6863"], ["65882.8", "1"], ["65885.1", "1903"], ["65899.2", "0"], ["65900.1", "0"], ["65911.9", "11"], ["65912.2", "1795"], ["65913.4", "2986"], ["67299.9", "3"], ["67300.0", "9136"], ["67684.3", "0"], ["68330.1", "0"], ["68347.8", "0"], ["68347.9", "39"], ["68348.0", "0"], ["69175.5", "0"], ["69175.6", "0"]], "_doc": "946225ae-2486-4c15-be17-2ab5049589ce"}, {"e": "depthUpdate", "E": 1712070275613, "T": 1712070275602, "s": "BTCUSD_PERP", "ps": "BTCUSD", "U": 906367596587, "u": 906367598685, "pu": 906367596578, "b": [["5000.0", "1"], ["32918.0", "0"], ["65036.7", "974"], ["65506.8", "0"], ["65772.9", "1506"], ["65773.0", "8"], ["65773.1", "0"], ["65773.2", "0"], ["65773.3", "0"], ["65773.5", "0"], ["65773.6", "1"], ["65781.9", "15"], ["65785.9", "0"], ["65789.3", "8535"], ["65813.9", "0"], ["65821.0", "0"], ["65821.5", "0"], ["65821.6", "140"], ["65822.5", "1"], ["65824.5", "0"], ["65825.0", "0"], ["65825.1", "0"], ["65825.9", "0"], ["65826.1", "97"], ["65826.2", "854"], ["65826.3", "25"], ["65826.6", "34"], ["65826.7", "612"], ["65827.0", "2"], ["65827.6", "1142"], ["65828.0", "96"], ["65828.1", "0"], ["65828.2", "0"], ["65828.3", "0"], ["65828.4", "451"], ["65828.8", "0"], ["65829.4", "24"], ["65829.7", "0"], ["65829.8", "606"], ["65830.4", "0"], ["65830.5", "0"], ["65830.6", "605"], ["65830.7", "0"], ["65831.1", "100"], ["65831.2", "462"], ["65831.3", "1908"], ["65831.4", "1148"], ["65831.5", "0"], ["65831.6", "0"], ["65831.7", "0"], ["65832.2", "0"], ["65832.3", "0"], ["65832.4", "121"], ["65832.5", "0"], ["65833.8", "0"], ["65835.0", "0"], ["65836.0", "3790"]], "a": [["65834.8", "0"], ["65834.9", "0"], ["65835.3", "0"], ["65836.0", "0"], ["65836.1", "2410"], ["65840.8", "0"], ["65841.9", "2"], ["65844.4", "451"], ["65846.8", "2"], ["65849.0", "151"], ["65849.5", "0"], ["65850.5", "7"], ["65851.3", "75"], ["65852.5", "151"], ["65853.1", "0"], ["65854.5", "0"], ["65854.6", "11"], ["65854.7", "0"], ["65856.0", "257"], ["65856.4", "0"], ["65859.4", "14"], ["65859.5", "151"], ["65860.0", "6"], ["65862.9", "1824"], ["65863.0", "151"], ["65863.2", "642"], ["65864.1", "165"], ["65864.4", "175"], ["65865.3", "0"], ["65865.8", "0"], ["65866.2", "0"], ["65868.6", "0"], ["65871.9", "0"], ["65872.8", "0"], ["65873.3", "0"], ["65874.3", "0"], ["65874.9", "0"], ["65875.5", "6966"], ["65878.4", "1"], ["65889.4", "0"], ["66528.9", "0"], ["66539.9", "0"], ["66543.2", "0"], ["66550.7", "0"], ["66569.7", "0"], ["66724.9", "4264"], ["66823.6", "8808"], ["68330.4", "0"], ["68348.0", "0"], ["69157.4", "0"], ["69175.6", "1"], ["69175.7", "0"], ["69750.5", "1"], ["69750.6", "0"]], "_doc": "c5c51f35-eaac-438c-a3fc-a73f8bc64ea3"}, {"e": "depthUpdate", "E": 1712070275112, "T": 1712070275100, "s": "BTCUSD_PERP", "ps": "BTCUSD", "U": 906367592358, "u": 906367596578, "pu": 906367592331, "b": [["5000.0", "0"], ["32918.0", "0"], ["63891.0", "0"], ["65506.8", "1"], ["65733.9", "2847"], ["65748.9", "0"], ["65773.5", "8"], ["65773.6", "9"], ["65773.8", "1"], ["65773.9", "0"], ["65774.0", "0"], ["65774.1", "856"], ["65774.2", "0"], ["65774.3", "0"], ["65778.7", "1000"], ["65779.2", "238"], ["65779.4", "1"], ["65785.9", "8535"], ["65789.1", "0"], ["65789.2", "7"], ["65789.3", "0"], ["65790.5", "0"], ["65791.4", "163"], ["65793.0", "2981"], ["65797.1", "0"], ["65798.9", "0"], ["65799.8", "1"], ["65803.3", "0"], ["65804.2", "0"], ["65804.3", "0"], ["65805.9", "0"], ["65808.0", "96"], ["65808.3", "0"], ["65809.7", "7"], ["65811.3", "0"], ["65812.1", "0"], ["65812.5", "0"], ["65813.9", "1"], ["65816.5", "0"], ["65818.6", "0"], ["65818.9", "0"], ["65819.1", "146"], ["65819.2", "182"], ["65821.0", "0"], ["65821.8", "9"], ["65822.9", "0"], ["65823.5", "10"], ["65823.6", "0"], ["65824.5", "61"], ["65825.0", "7"], ["65825.2", "0"], ["65825.5", "0"], ["65825.9", "7"], ["65826.0", "30"], ["65826.2", "25"], ["65827.0", "9"], ["65827.5", "1581"], ["65828.0", "157"], ["65828.1", "847"], ["65828.2", "1088"], ["65828.6", "0"], ["65828.9", "12"], ["65829.1", "1000"], ["65829.2", "0"], ["65829.3", "0"], ["65829.7", "605"], ["65829.8", "1902"], ["65829.9", "0"], ["65830.4", "0"], ["65830.5", "1210"], ["65830.6", "0"], ["65831.2", "166"], ["65831.3", "0"], ["65831.4", "0"], ["65831.5", "61"], ["65831.6", "0"], ["65831.7", "1141"], ["65832.0", "195"], ["65832.1", "107"], ["65832.2", "122"], ["65832.3", "0"], ["65832.4", "0"], ["65832.9", "0"], ["65833.4", "0"], ["65833.5", "0"], ["65834.2", "1"], ["65834.9", "0"], ["65835.0", "0"], ["65836.0", "3840"]], "a": [["65834.8", "0"], ["65834.9", "0"], ["65835.0", "0"], ["65835.1", "0"], ["65835.3", "0"], ["65836.0", "0"], ["65836.1", "2404"], ["65836.5", "1591"], ["65836.7", "0"], ["65839.1", "0"], ["65839.5", "0"], ["65840.9", "56"], ["65841.4", "0"], ["65844.3", "450"], ["65844.4", "450"], ["65844.5", "0"], ["65844.7", "0"], ["65844.8", "0"], ["65845.5", "266"], ["65848.6", "38"], ["65851.1", "0"], ["65851.8", "0"], ["65852.4", "2"], ["65852.5", "212"], ["65853.1", "164"], ["65853.5", "0"], ["65853.6", "7"], ["65854.2", "44"], ["65854.5", "7"], ["65854.7", "50"], ["65855.6", "500"], ["65855.7", "0"], ["65856.0", "318"], ["65856.7", "7"], ["65857.4", "0"], ["65857.6", "0"], ["65858.2", "2"], ["65858.5", "498"], ["65858.7", "0"], ["65859.5", "212"], ["65861.2", "0"], ["65861.4", "4"], ["65862.0", "0"], ["65863.0", "151"], ["65865.4", "847"], ["65867.1", "405"], ["65868.0", "1"], ["65868.8", "1719"], ["65869.7", "0"], ["65872.8", "0"], ["65874.6", "1"], ["65874.9", "6966"], ["65878.3", "0"], ["65881.4", "0"], ["65881.5", "1955"], ["65882.8", "1904"], ["65887.9", "0"], ["65919.2", "1196"], ["65938.1", "1"], ["65958.1", "0"], ["65973.5", "1950"], ["65973.7", "1412"], ["65997.6", "0"], ["66013.3", "0"], ["66039.9", "0"], ["66040.0", "12"], ["66065.5", "0"], ["66084.2", "0"], ["66087.2", "0"], ["66087.3", "1519"], ["68775.4", "0"], ["69750.5", "2"], ["69750.6", "1"], ["69750.7", "0"], ["69750.8", "6"], ["69769.6", "0"]], "_doc": "0c14f7a5-3c30-4a29-80dc-80a2c0029b52"}, {"e": "depthUpdate", "E": 1712070274609, "T": 1712070274602, "s": "BTCUSD_PERP", "ps": "BTCUSD", "U": 906367587703, "u": 906367592331, "pu": 906367587673, "b": [["5000.0", "1"], ["65036.7", "2013"], ["65506.8", "1"], ["65682.2", "0"], ["65682.3", "4"], ["65706.2", "0"], ["65707.8", "14400"], ["65707.9", "251"], ["65726.6", "268"], ["65729.9", "0"], ["65765.4", "0"], ["65765.5", "0"], ["65767.9", "1"], ["65774.2", "8"], ["65774.3", "8"], ["65774.4", "370"], ["65774.5", "1"], ["65774.6", "0"], ["65774.7", "0"], ["65775.1", "0"], ["65775.2", "0"], ["65776.0", "0"], ["65776.1", "0"], ["65776.7", "0"], ["65776.8", "0"], ["65809.6", "600"], ["65810.8", "359"], ["65813.9", "0"], ["65814.5", "0"], ["65819.3", "0"], ["65821.4", "0"], ["65821.5", "140"], ["65822.5", "0"], ["65822.9", "1"], ["65824.5", "0"], ["65826.7", "0"], ["65827.9", "0"], ["65828.0", "96"], ["65828.1", "854"], ["65828.2", "513"], ["65828.4", "1"], ["65828.8", "0"], ["65829.0", "0"], ["65829.9", "0"], ["65830.0", "0"], ["65830.4", "1581"], ["65830.5", "1815"], ["65830.7", "0"], ["65830.9", "0"], ["65831.2", "462"], ["65831.3", "1026"], ["65831.4", "32"], ["65831.5", "0"], ["65831.7", "0"], ["65831.8", "0"], ["65832.0", "225"], ["65832.1", "128"], ["65832.2", "1901"], ["65832.3", "1143"], ["65832.4", "7"], ["65832.5", "0"], ["65832.7", "0"], ["65833.3", "0"], ["65833.4", "0"], ["65833.5", "0"], ["65833.6", "0"], ["65833.7", "0"], ["65833.8", "7"], ["65834.9", "0"], ["65835.0", "0"], ["65835.1", "0"], ["65835.3", "0"], ["65836.0", "5788"]], "a": [["65833.7", "0"], ["65833.8", "0"], ["65834.8", "0"], ["65834.9", "0"], ["65835.1", "0"], ["65835.2", "0"], ["65835.3", "0"], ["65835.4", "0"], ["65836.0", "0"], ["65836.1", "2301"], ["65836.7", "10"], ["65841.4", "1583"], ["65844.7", "450"], ["65845.8", "11"], ["65846.8", "4"], ["65847.8", "1"], ["65849.0", "151"], ["65849.5", "0"], ["65851.1", "1"], ["65851.6", "0"], ["65852.4", "2"], ["65852.5", "151"], ["65853.5", "0"], ["65853.6", "7"], ["65854.2", "134"], ["65854.3", "0"], ["65854.7", "0"], ["65854.9", "178"], ["65855.3", "0"], ["65855.7", "25"], ["65856.0", "257"], ["65858.7", "0"], ["65859.4", "0"], ["65859.5", "151"], ["65859.6", "296"], ["65860.7", "0"], ["65861.2", "500"], ["65863.0", "151"], ["65863.5", "0"], ["65864.2", "0"], ["65864.4", "182"], ["65865.3", "7"], ["65865.4", "0"], ["65866.0", "0"], ["65866.2", "1210"], ["65866.5", "0"], ["65867.7", "0"], ["65868.0", "0"], ["65868.5", "0"], ["65868.6", "605"], ["65868.7", "0"], ["65869.0", "0"], ["65869.1", "2"], ["65870.0", "565"], ["65871.9", "7"], ["65874.6", "1"], ["65878.3", "0"], ["65881.4", "0"], ["65881.5", "8935"], ["65884.7", "0"], ["65884.8", "1"], ["65902.0", "8"], ["65902.1", "8"], ["65902.3", "0"], ["65902.4", "3"], ["65926.6", "0"], ["65927.2", "7"], ["65934.1", "1945"], ["65980.0", "0"], ["66097.1", "0"], ["67375.8", "1345"]], "_doc": "396f26e6-f68e-4c42-8e53-99e47def8eca"}, {"e": "depthUpdate", "E": 1712070274108, "T": 1712070274098, "s": "BTCUSD_PERP", "ps": "BTCUSD", "U": 906367584752, "u": 906367587673, "pu": 906367584751, "b": [["5000.0", "2"], ["32918.0", "0"], ["64514.7", "1661"], ["65177.7", "0"], ["65506.8", "1"], ["65530.5", "0"], ["65785.8", "1"], ["65785.9", "0"], ["65788.7", "0"], ["65788.9", "0"], ["65789.1", "8359"], ["65793.6", "8"], ["65804.2", "2981"], ["65804.3", "6"], ["65808.0", "98"], ["65808.3", "2"], ["65810.8", "59"], ["65819.3", "7"], ["65821.9", "0"], ["65822.5", "1"], ["65823.4", "300"], ["65824.5", "61"], ["65827.0", "0"], ["65828.0", "157"], ["65828.1", "0"], ["65828.3", "0"], ["65828.7", "18"], ["65828.8", "0"], ["65828.9", "17"], ["65829.0", "0"], ["65829.1", "0"], ["65829.4", "0"], ["65829.9", "0"], ["65830.0", "0"], ["65830.1", "0"], ["65830.4", "854"], ["65830.5", "0"], ["65830.8", "1"], ["65830.9", "7"], ["65831.0", "500"], ["65831.3", "1901"], ["65831.5", "61"], ["65831.6", "0"], ["65831.7", "1462"], ["65831.8", "30"], ["65832.4", "0"], ["65832.5", "1614"], ["65832.7", "0"], ["65832.8", "0"], ["65832.9", "0"], ["65833.0", "0"], ["65833.1", "0"], ["65833.2", "0"], ["65833.3", "1178"], ["65833.4", "0"], ["65834.2", "0"], ["65835.0", "61"], ["65835.1", "0"], ["65836.0", "6973"]], "a": [["65834.8", "0"], ["65834.9", "0"], ["65835.1", "0"], ["65835.3", "0"], ["65836.0", "0"], ["65836.1", "2289"], ["65837.7", "0"], ["65841.9", "0"], ["65842.1", "0"], ["65844.7", "450"], ["65845.5", "0"], ["65845.8", "1594"], ["65847.8", "0"], ["65847.9", "0"], ["65848.9", "0"], ["65849.0", "151"], ["65851.6", "2"], ["65852.5", "151"], ["65853.5", "87"], ["65853.6", "0"], ["65855.2", "0"], ["65855.3", "7"], ["65856.0", "257"], ["65856.2", "0"], ["65857.9", "500"], ["65858.7", "75"], ["65858.8", "0"], ["65858.9", "2"], ["65859.4", "1"], ["65859.5", "212"], ["65859.6", "296"], ["65860.0", "0"], ["65861.2", "0"], ["65862.0", "7"], ["65862.4", "0"], ["65863.0", "212"], ["65866.2", "0"], ["65866.5", "61"], ["65867.0", "0"], ["65867.1", "543"], ["65868.1", "2"], ["65868.5", "500"], ["65869.6", "0"], ["65869.7", "1"], ["65869.8", "1"], ["65870.0", "1397"], ["65872.8", "847"], ["65878.3", "0"], ["65881.3", "0"], ["65881.4", "0"], ["65882.2", "0"], ["65883.3", "0"], ["65884.7", "6980"], ["65885.1", "0"], ["65887.9", "1903"], ["65888.7", "0"], ["65895.9", "587"], ["65914.2", "1"], ["65931.7", "0"], ["65931.8", "0"], ["65933.0", "0"], ["65939.0", "846"], ["66013.4", "282"], ["66719.6", "866"], ["67125.6", "1341"]], "_doc": "86d3f9c9-581e-420d-8030-9a16c1b63673"}, {"e": "depthUpdate", "E": 1712070273607, "T": 1712070273599, "s": "BTCUSD_PERP", "ps": "BTCUSD", "U": 906367580256, "u": 906367584751, "pu": 906367580029, "b": [["5000.0", "2"], ["5000.1", "0"], ["63362.4", "0"], ["63953.5", "0"], ["63963.2", "0"], ["63972.8", "0"], ["63977.5", "0"], ["64185.5", "1603"], ["64393.5", "0"], ["64420.9", "0"], ["64422.7", "1"], ["64422.8", "0"], ["64430.6", "0"], ["64947.2", "5285"], ["65013.0", "5095"], ["65078.9", "1007"], ["65177.7", "1"], ["65506.8", "1"], ["65770.0", "0"], ["65771.5", "3000"], ["65781.9", "17"], ["65785.8", "8178"], ["65789.0", "940"], ["65805.2", "0"], ["65808.0", "96"], ["65808.3", "0"], ["65812.5", "7"], ["65812.6", "0"], ["65814.6", "0"], ["65816.7", "1000"], ["65819.3", "0"], ["65822.9", "0"], ["65824.5", "0"], ["65827.0", "14"], ["65828.0", "96"], ["65828.1", "7"], ["65828.3", "25"], ["65828.8", "0"], ["65828.9", "12"], ["65829.0", "847"], ["65829.1", "2"], ["65829.4", "1614"], ["65829.7", "0"], ["65829.9", "0"], ["65830.0", "1150"], ["65830.1", "1210"], ["65830.4", "0"], ["65831.3", "0"], ["65831.4", "0"], ["65831.5", "0"], ["65831.7", "0"], ["65832.1", "126"], ["65832.2", "0"], ["65832.3", "0"], ["65832.4", "605"], ["65832.5", "0"], ["65832.6", "0"], ["65832.7", "7"], ["65832.8", "1901"], ["65832.9", "1144"], ["65833.3", "0"], ["65833.4", "0"], ["65834.0", "0"], ["65834.1", "0"], ["65834.2", "1"], ["65835.0", "0"], ["65835.1", "0"], ["65835.3", "0"], ["65835.7", "0"], ["65836.0", "4710"], ["65838.3", "0"]], "a": [["65834.2", "0"], ["65834.8", "0"], ["65834.9", "0"], ["65835.1", "0"], ["65835.2", "0"], ["65835.3", "0"], ["65835.8", "0"], ["65836.0", "0"], ["65836.1", "2211"], ["65837.7", "1555"], ["65841.8", "0"], ["65842.1", "126"], ["65844.1", "33"], ["65844.6", "450"], ["65844.7", "452"], ["65844.8", "450"], ["65844.9", "0"], ["65845.5", "151"], ["65848.9", "1"], ["65849.0", "151"], ["65849.5", "0"], ["65851.6", "0"], ["65852.5", "151"], ["65853.6", "0"], ["65854.3", "90"], ["65854.4", "0"], ["65855.3", "57"], ["65855.4", "10"], ["65856.0", "257"], ["65856.7", "0"], ["65857.2", "0"], ["65858.8", "7"], ["65858.9", "502"], ["65859.5", "151"], ["65859.6", "296"], ["65860.2", "6"], ["65862.0", "0"], ["65862.4", "3"], ["65862.9", "2"], ["65863.0", "151"], ["65863.2", "602"], ["65863.5", "7"], ["65863.7", "0"], ["65864.2", "0"], ["65864.3", "94"], ["65865.4", "1210"], ["65866.1", "19"], ["65866.2", "0"], ["65866.5", "0"], ["65867.7", "612"], ["65867.8", "0"], ["65868.7", "847"], ["65870.0", "1336"], ["65870.8", "0"], ["65872.8", "0"], ["65874.9", "0"], ["65878.3", "7030"], ["65881.2", "1"], ["65881.4", "0"], ["65883.3", "1903"], ["65884.5", "0"], ["65886.6", "6"], ["66724.9", "3198"], ["66733.0", "0"], ["66821.5", "0"]], "_doc": "bc3b39c0-48de-4e99-bf1b-06d54da418f4"}, {"e": "depthUpdate", "E": 1712070273094, "T": 1712070273081, "s": "BTCUSD_PERP", "ps": "BTCUSD", "U": 906367574508, "u": 906367580029, "pu": 906367574388, "b": [["5000.0", "0"], ["32918.0", "0"], ["64952.5", "0"], ["65013.0", "3050"], ["65021.0", "0"], ["65111.8", "3510"], ["65506.8", "0"], ["65779.2", "268"], ["65779.4", "39"], ["65788.7", "293"], ["65790.5", "13"], ["65797.1", "13"], ["65797.5", "0"], ["65798.9", "15"], ["65803.3", "8"], ["65805.2", "1000"], ["65805.9", "8"], ["65806.6", "0"], ["65807.8", "1987"], ["65808.1", "1199"], ["65811.3", "0"], ["65812.1", "15"], ["65812.5", "7"], ["65813.9", "0"], ["65814.5", "253"], ["65814.6", "0"], ["65816.5", "4"], ["65818.9", "19"], ["65819.1", "150"], ["65819.3", "0"], ["65822.6", "0"], ["65822.9", "1"], ["65823.5", "56"], ["65824.1", "384"], ["65824.5", "0"], ["65824.6", "0"], ["65825.5", "19"], ["65826.7", "304"], ["65827.4", "1"], ["65827.8", "0"], ["65828.0", "96"], ["65828.1", "0"], ["65828.2", "0"], ["65828.3", "0"], ["65828.7", "18"], ["65828.9", "17"], ["65829.9", "521"], ["65830.1", "0"], ["65830.4", "0"], ["65830.9", "0"], ["65831.3", "0"], ["65831.4", "0"], ["65831.5", "0"], ["65831.6", "0"], ["65832.1", "2027"], ["65832.2", "30"], ["65832.3", "1217"], ["65832.4", "0"], ["65832.5", "0"], ["65832.9", "0"], ["65833.0", "0"], ["65833.3", "25"], ["65833.4", "0"], ["65833.5", "0"], ["65833.6", "0"], ["65833.7", "0"], ["65834.0", "0"], ["65834.1", "30"], ["65834.9", "0"], ["65835.0", "0"], ["65835.3", "0"], ["65835.7", "1549"], ["65836.0", "6790"], ["65838.3", "0"]], "a": [["65833.8", "0"], ["65834.9", "0"], ["65835.1", "0"], ["65835.3", "0"], ["65835.8", "0"], ["65836.0", "0"], ["65836.1", "2192"], ["65836.6", "0"], ["65840.9", "0"], ["65841.8", "1555"], ["65841.9", "0"], ["65843.6", "0"], ["65843.7", "0"], ["65843.8", "0"], ["65843.9", "0"], ["65844.1", "489"], ["65845.4", "0"], ["65845.5", "1"], ["65848.5", "0"], ["65848.6", "0"], ["65849.0", "151"], ["65851.6", "2"], ["65852.6", "0"], ["65853.5", "0"], ["65853.6", "0"], ["65854.5", "0"], ["65855.2", "0"], ["65855.3", "7"], ["65855.8", "0"], ["65856.0", "257"], ["65856.2", "143"], ["65856.4", "0"], ["65857.2", "1"], ["65857.6", "7"], ["65858.7", "0"], ["65858.8", "100"], ["65859.4", "250"], ["65859.5", "151"], ["65859.6", "0"], ["65859.8", "0"], ["65860.3", "3"], ["65860.9", "0"], ["65862.0", "7"], ["65863.0", "151"], ["65863.2", "602"], ["65863.7", "605"], ["65863.8", "146"], ["65865.4", "0"], ["65866.2", "605"], ["65866.5", "0"], ["65867.8", "500"], ["65868.7", "1459"], ["65870.0", "1336"], ["65870.4", "0"], ["65874.9", "1"], ["65878.1", "0"], ["65881.2", "7031"], ["65884.5", "0"], ["65888.6", "355"]], "_doc": "8f68cb93-f94a-46ec-9061-88f5b2e134dc"}, {"e": "depthUpdate", "E": 1712070272584, "T": 1712070272559, "s": "BTCUSD_PERP", "ps": "BTCUSD", "U": 906367571759, "u": 906367574388, "pu": 906367571712, "b": [["5000.0", "2"], ["32918.0", "0"], ["64554.6", "1597"], ["65120.8", "0"], ["65506.8", "0"], ["65705.1", "0"], ["65788.8", "1"], ["65789.0", "8988"], ["65821.3", "0"], ["65821.4", "140"], ["65824.5", "1613"], ["65826.0", "30"], ["65826.1", "90"], ["65827.0", "0"], ["65827.4", "76"], ["65827.5", "0"], ["65827.6", "0"], ["65828.0", "96"], ["65828.1", "2"], ["65828.7", "25"], ["65828.8", "0"], ["65829.1", "7"], ["65829.9", "0"], ["65830.0", "0"], ["65830.1", "1901"], ["65830.4", "0"], ["65831.3", "0"], ["65831.4", "1150"], ["65831.5", "0"], ["65831.6", "0"], ["65832.2", "0"], ["65832.8", "0"], ["65833.4", "1210"], ["65833.5", "0"], ["65833.6", "7"], ["65833.7", "7"], ["65833.8", "0"], ["65833.9", "0"], ["65834.0", "364"], ["65835.0", "0"], ["65835.3", "0"], ["65835.4", "0"], ["65835.9", "602"], ["65836.0", "4585"]], "a": [["65833.7", "0"], ["65834.9", "0"], ["65835.1", "0"], ["65835.3", "0"], ["65835.4", "0"], ["65835.5", "0"], ["65836.0", "0"], ["65836.1", "1913"], ["65839.1", "11"], ["65848.9", "0"], ["65852.4", "2"], ["65852.5", "151"], ["65852.6", "100"], ["65853.3", "0"], ["65853.4", "0"], ["65853.6", "7"], ["65856.0", "257"], ["65857.2", "1"], ["65859.5", "151"], ["65860.6", "0"], ["65862.0", "7"], ["65863.0", "151"], ["65863.6", "15"], ["65865.3", "0"], ["65865.4", "605"], ["66593.2", "4921"], ["66692.0", "6593"], ["66823.6", "6606"], ["67126.8", "0"], ["67302.9", "0"], ["67750.0", "4434"]], "_doc": "889a08af-51a9-431e-a46f-7d625a19b65c"}, {"e": "depthUpdate", "E": 1712070272083, "T": 1712070272069, "s": "BTCUSD_PERP", "ps": "BTCUSD", "U": 906367567842, "u": 906367571712, "pu": 906367567803, "b": [["5000.0", "2"], ["32918.0", "0"], ["64909.3", "0"], ["64914.3", "3565"], ["65177.6", "2603"], ["65201.3", "0"], ["65506.8", "1"], ["65733.9", "2846"], ["65744.3", "0"], ["65777.0", "600"], ["65779.2", "238"], ["65779.4", "1"], ["65785.5", "0"], ["65787.5", "0"], ["65788.8", "8049"], ["65789.1", "0"], ["65790.5", "0"], ["65793.6", "2989"], ["65793.9", "300"], ["65797.1", "0"], ["65797.5", "1987"], ["65798.9", "0"], ["65803.3", "0"], ["65803.9", "0"], ["65805.7", "405"], ["65805.9", "0"], ["65806.6", "245"], ["65807.4", "0"], ["65808.2", "0"], ["65810.8", "359"], ["65811.3", "7"], ["65812.1", "0"], ["65812.5", "0"], ["65815.4", "36"], ["65816.2", "0"], ["65816.5", "0"], ["65817.4", "0"], ["65818.9", "0"], ["65819.1", "146"], ["65819.5", "0"], ["65822.3", "1"], ["65824.1", "10"], ["65824.3", "0"], ["65824.4", "0"], ["65824.5", "1674"], ["65824.6", "977"], ["65825.1", "0"], ["65825.5", "0"], ["65825.9", "0"], ["65826.0", "30"], ["65826.6", "34"], ["65826.7", "308"], ["65827.0", "9"], ["65827.4", "1"], ["65827.5", "25"], ["65828.0", "157"], ["65828.1", "0"], ["65828.2", "0"], ["65828.7", "18"], ["65829.1", "14"], ["65829.2", "0"], ["65829.5", "0"], ["65829.9", "0"], ["65830.0", "0"], ["65830.1", "0"], ["65830.4", "0"], ["65831.1", "100"], ["65831.3", "1901"], ["65831.4", "0"], ["65831.5", "61"], ["65831.6", "1146"], ["65832.0", "195"], ["65832.1", "107"], ["65832.3", "0"], ["65832.4", "0"], ["65832.5", "0"], ["65832.6", "0"], ["65832.7", "0"], ["65832.8", "605"], ["65832.9", "0"], ["65833.0", "0"], ["65833.1", "0"], ["65833.2", "0"], ["65833.3", "605"], ["65833.4", "370"], ["65835.0", "61"], ["65835.1", "0"], ["65835.3", "605"], ["65836.0", "4289"]], "a": [["65832.4", "0"], ["65832.6", "0"], ["65832.7", "0"], ["65833.1", "0"], ["65834.8", "0"], ["65834.9", "0"], ["65835.1", "0"], ["65835.3", "0"], ["65835.4", "0"], ["65836.0", "0"], ["65836.1", "1913"], ["65839.9", "0"], ["65840.9", "56"], ["65841.9", "2"], ["65844.0", "96"], ["65845.5", "472"], ["65848.6", "38"], ["65852.4", "9"], ["65852.5", "212"], ["65853.4", "75"], ["65854.2", "44"], ["65854.5", "0"], ["65856.0", "318"], ["65857.6", "500"], ["65858.8", "0"], ["65859.4", "257"], ["65859.5", "212"], ["65860.0", "405"], ["65860.3", "6"], ["65863.0", "151"], ["65863.1", "0"], ["65865.4", "0"], ["65868.7", "7"], ["65871.2", "0"], ["65874.4", "40"], ["65874.5", "1935"], ["65878.1", "7105"], ["65878.2", "0"], ["65878.3", "0"], ["65881.1", "0"], ["65883.3", "0"], ["65885.1", "0"], ["65886.5", "0"], ["65886.6", "1909"], ["65888.7", "585"], ["65903.1", "0"], ["65927.2", "0"], ["65931.7", "515"], ["65931.8", "846"], ["65946.3", "159"], ["66692.0", "4395"], ["66724.9", "2132"], ["70783.9", "1414"], ["129386.3", "2585"]], "_doc": "bc9cd2bd-aa08-462e-a59f-a320f26f8ec6"}, {"e": "depthUpdate", "E": 1712070271582, "T": 1712070271572, "s": "BTCUSD_PERP", "ps": "BTCUSD", "U": 906367564360, "u": 906367567803, "pu": 906367564281, "b": [["5000.0", "2"], ["32918.0", "0"], ["64213.4", "0"], ["64914.3", "2593"], ["64942.2", "0"], ["64943.8", "4"], ["64947.2", "2075"], ["65003.8", "4152"], ["65008.0", "1"], ["65013.0", "2207"], ["65073.8", "0"], ["65506.8", "1"], ["65696.7", "320"], ["65706.1", "0"], ["65760.2", "370"], ["65781.7", "247"], ["65788.7", "0"], ["65788.8", "7885"], ["65821.2", "0"], ["65821.3", "140"], ["65824.1", "10"], ["65824.3", "1613"], ["65824.4", "975"], ["65824.5", "61"], ["65825.0", "7"], ["65825.4", "0"], ["65826.6", "59"], ["65826.7", "306"], ["65827.0", "16"], ["65827.7", "0"], ["65827.9", "0"], ["65828.0", "157"], ["65828.1", "1901"], ["65828.2", "0"], ["65828.3", "0"], ["65828.7", "0"], ["65829.0", "847"], ["65829.1", "7"], ["65829.5", "18"], ["65829.6", "50"], ["65829.7", "0"], ["65829.8", "31"], ["65829.9", "521"], ["65830.4", "0"], ["65830.5", "0"], ["65831.2", "462"], ["65831.3", "0"], ["65831.5", "61"], ["65832.2", "7"], ["65832.3", "605"], ["65832.4", "605"], ["65832.5", "605"], ["65833.6", "0"], ["65835.0", "61"], ["65836.0", "7372"]], "a": [["65834.8", "0"], ["65834.9", "0"], ["65835.1", "0"], ["65835.3", "0"], ["65836.0", "0"], ["65836.1", "1484"], ["65844.0", "98"], ["65845.4", "0"], ["65852.5", "212"], ["65852.7", "0"], ["65852.8", "0"], ["65853.4", "100"], ["65854.4", "90"], ["65854.5", "7"], ["65855.9", "500"], ["65856.0", "318"], ["65856.4", "7"], ["65857.2", "0"], ["65859.4", "7"], ["65859.5", "212"], ["65860.0", "500"], ["65860.6", "7"], ["65860.7", "100"], ["65862.0", "0"], ["65862.8", "0"], ["65863.0", "212"], ["65863.1", "0"], ["65863.7", "1210"], ["65864.4", "175"], ["65864.9", "0"], ["65865.3", "605"], ["65866.7", "0"], ["65868.2", "1"], ["65868.7", "7"], ["65870.9", "1"], ["65878.3", "7197"], ["65880.9", "0"], ["65883.3", "1903"], ["65886.6", "6"], ["65914.2", "257"], ["66003.6", "0"], ["66230.6", "66"], ["66626.1", "3658"], ["66658.9", "2097"], ["66659.1", "3195"], ["66724.8", "1033"], ["66724.9", "1066"], ["66730.4", "4"], ["66757.8", "4666"], ["67026.7", "4598"]], "_doc": "1399e4da-21c6-4c86-bdc7-b692a55a813a"}, {"e": "depthUpdate", "E": 1712070271065, "T": 1712070271048, "s": "BTCUSD_PERP", "ps": "BTCUSD", "U": 906367560124, "u": 906367564281, "pu": 906367560097, "b": [["5000.0", "2"], ["64914.4", "0"], ["65506.8", "1"], ["65770.8", "0"], ["65774.5", "1"], ["65788.8", "4651"], ["65788.9", "6"], ["65802.9", "0"], ["65804.0", "572"], ["65812.5", "7"], ["65816.5", "4"], ["65820.7", "248"], ["65822.8", "610"], ["65823.4", "300"], ["65824.1", "376"], ["65824.5", "0"], ["65824.6", "0"], ["65824.7", "87"], ["65824.9", "10"], ["65825.0", "9"], ["65826.2", "0"], ["65826.7", "302"], ["65827.0", "7"], ["65827.4", "1"], ["65827.7", "25"], ["65827.9", "0"], ["65828.0", "96"], ["65828.2", "1548"], ["65829.8", "49"], ["65830.4", "0"], ["65830.8", "1"], ["65831.5", "0"], ["65833.6", "7"], ["65834.8", "3"], ["65835.0", "0"], ["65836.0", "7386"], ["65836.5", "0"], ["65838.3", "0"]], "a": [["65832.1", "0"], ["65832.2", "0"], ["65834.9", "0"], ["65835.1", "0"], ["65835.3", "0"], ["65836.0", "0"], ["65836.1", "1476"], ["65836.6", "1553"], ["65838.4", "287"], ["65841.9", "0"], ["65845.4", "2"], ["65845.5", "596"], ["65852.5", "151"], ["65854.2", "0"], ["65854.3", "0"], ["65855.3", "0"], ["65855.7", "0"], ["65855.8", "0"], ["65855.9", "575"], ["65856.0", "257"], ["65856.4", "7"], ["65859.4", "7"], ["65859.5", "151"], ["65862.0", "7"], ["65863.0", "151"], ["65863.2", "602"], ["65866.7", "500"], ["65867.2", "0"], ["65867.8", "1"], ["65867.9", "1"], ["65868.8", "1000"], ["65870.0", "1336"], ["65870.8", "0"], ["65874.3", "0"], ["65874.4", "435"], ["65878.2", "0"], ["65878.3", "0"], ["65880.9", "7197"], ["65881.0", "2"], ["65881.1", "0"], ["65884.5", "0"], ["65886.5", "1148"], ["65886.6", "1909"], ["65889.6", "0"], ["65902.1", "0"], ["65902.2", "1000"], ["65902.3", "8"], ["65902.4", "11"], ["66593.2", "3857"], ["66626.1", "997"], ["66634.9", "0"], ["66708.1", "2199"], ["66757.8", "1999"], ["66766.6", "0"], ["71600.0", "449"]], "_doc": "1d232f0d-3e45-4a0c-9b4b-779794e5a6fc"}, {"e": "depthUpdate", "E": 1712070270564, "T": 1712070270551, "s": "BTCUSD_PERP", "ps": "BTCUSD", "U": 906367554352, "u": 906367560097, "pu": 906367554335, "b": [["5000.0", "2"], ["32918.0", "0"], ["64181.3", "1602"], ["64910.4", "2592"], ["65506.8", "0"], ["65705.1", "271"], ["65766.9", "2001"], ["65788.7", "7749"], ["65792.0", "1"], ["65805.4", "375"], ["65806.5", "300"], ["65808.0", "96"], ["65808.3", "0"], ["65812.5", "0"], ["65815.8", "1"], ["65816.5", "11"], ["65819.1", "450"], ["65819.3", "0"], ["65822.1", "0"], ["65822.5", "0"], ["65824.5", "164"], ["65825.0", "2"], ["65826.2", "1548"], ["65826.5", "32"], ["65826.6", "34"], ["65826.7", "894"], ["65827.0", "7"], ["65827.3", "0"], ["65827.4", "51"], ["65827.7", "0"], ["65828.0", "96"], ["65828.4", "1"], ["65828.5", "0"], ["65828.9", "12"], ["65829.0", "854"], ["65829.1", "0"], ["65829.7", "7"], ["65829.8", "31"], ["65829.9", "1901"], ["65830.1", "0"], ["65830.3", "12"], ["65830.4", "7"], ["65830.5", "605"], ["65830.9", "0"], ["65831.1", "130"], ["65831.2", "1605"], ["65831.3", "1210"], ["65831.5", "0"], ["65831.6", "0"], ["65831.7", "0"], ["65831.8", "0"], ["65832.2", "0"], ["65832.3", "0"], ["65832.4", "0"], ["65833.2", "0"], ["65833.3", "0"], ["65833.4", "0"], ["65833.5", "0"], ["65833.6", "7"], ["65834.7", "1"], ["65834.9", "0"], ["65835.0", "0"], ["65835.3", "0"], ["65835.4", "0"], ["65836.0", "7525"], ["65838.3", "0"]], "a": [["65831.1", "0"], ["65831.2", "0"], ["65831.3", "0"], ["65831.7", "0"], ["65832.1", "0"], ["65832.2", "0"], ["65832.3", "0"], ["65833.1", "0"], ["65833.4", "0"], ["65833.5", "0"], ["65834.3", "0"], ["65834.8", "0"], ["65834.9", "0"], ["65835.1", "0"], ["65835.3", "0"], ["65836.0", "0"], ["65836.1", "755"], ["65839.9", "0"], ["65841.9", "2"], ["65843.7", "450"], ["65843.8", "450"], ["65843.9", "450"], ["65845.4", "0"], ["65846.9", "101"], ["65847.0", "0"], ["65848.9", "1"], ["65849.0", "151"], ["65851.5", "0"], ["65851.9", "0"], ["65852.5", "151"], ["65852.8", "140"], ["65852.9", "0"], ["65853.9", "0"], ["65855.7", "25"], ["65855.8", "0"], ["65855.9", "500"], ["65856.0", "257"], ["65856.2", "0"], ["65856.9", "1000"], ["65857.2", "7"], ["65857.6", "0"], ["65858.6", "0"], ["65858.7", "0"], ["65859.5", "151"], ["65859.6", "296"], ["65859.8", "0"], ["65859.9", "0"], ["65862.0", "14"], ["65862.1", "11"], ["65862.9", "9"], ["65863.0", "151"], ["65863.2", "7"], ["65864.2", "0"], ["65864.3", "94"], ["65864.9", "605"], ["65865.0", "0"], ["65865.2", "0"], ["65865.3", "605"], ["65866.0", "0"], ["65866.2", "0"], ["65866.5", "0"], ["65867.1", "0"], ["65867.7", "0"], ["65867.9", "501"], ["65868.0", "1"], ["65868.2", "606"], ["65868.3", "0"], ["65868.6", "0"], ["65868.7", "0"], ["65869.1", "9"], ["65869.8", "848"], ["65870.9", "8"], ["65873.3", "40"], ["65873.7", "0"], ["65874.4", "1171"], ["65874.6", "1"], ["65877.3", "264"], ["65878.3", "0"], ["65881.0", "7344"], ["65884.5", "0"], ["65926.1", "0"], ["65926.6", "1256"], ["65938.8", "0"], ["65980.0", "1505"], ["66056.3", "0"], ["66097.1", "1658"], ["66602.0", "0"], ["66658.9", "1065"], ["66667.2", "0"], ["66725.6", "0"], ["66829.1", "0"], ["129234.2", "0"]], "_doc": "e59f6f71-1966-4fc8-89f4-08aaca763b37"}, {"e": "depthUpdate", "E": 1712070270064, "T": 1712070270055, "s": "BTCUSD_PERP", "ps": "BTCUSD", "U": 906367551159, "u": 906367554335, "pu": 906367551147, "b": [["5000.0", "2"], ["64922.9", "0"], ["64955.8", "0"], ["65036.7", "3052"], ["65506.8", "1"], ["65722.8", "2001"], ["65777.1", "1210"], ["65781.9", "15"], ["65788.7", "7749"], ["65792.0", "1"], ["65792.1", "4"], ["65793.0", "0"], ["65804.1", "1797"], ["65805.4", "0"], ["65808.0", "96"], ["65808.3", "0"], ["65810.5", "1000"], ["65810.9", "0"], ["65824.5", "225"], ["65825.6", "0"], ["65827.0", "2"], ["65827.7", "25"], ["65828.0", "157"], ["65828.9", "48"], ["65829.0", "14"], ["65829.1", "0"], ["65829.4", "0"], ["65829.5", "0"], ["65829.6", "50"], ["65829.8", "1587"], ["65830.0", "0"], ["65830.1", "847"], ["65830.4", "1915"], ["65831.5", "0"], ["65831.7", "605"], ["65832.2", "1210"], ["65832.3", "0"], ["65833.0", "0"], ["65833.1", "0"], ["65833.3", "0"], ["65833.5", "0"], ["65834.8", "192"], ["65835.0", "0"], ["65836.0", "7534"], ["65838.3", "0"]], "a": [["65832.1", "0"], ["65832.2", "0"], ["65832.3", "0"], ["65832.4", "0"], ["65832.9", "0"], ["65833.0", "0"], ["65833.1", "0"], ["65833.2", "0"], ["65833.3", "0"], ["65833.4", "0"], ["65833.5", "0"], ["65833.8", "0"], ["65833.9", "0"], ["65834.0", "0"], ["65834.1", "0"], ["65834.3", "0"], ["65834.8", "0"], ["65834.9", "0"], ["65835.1", "0"], ["65835.3", "0"], ["65836.0", "0"], ["65836.1", "767"], ["65838.4", "1834"], ["65841.4", "0"], ["65841.9", "2"], ["65842.3", "0"], ["65843.9", "450"], ["65844.1", "39"], ["65845.5", "460"], ["65848.9", "0"], ["65849.9", "0"], ["65851.9", "0"], ["65852.4", "2"], ["65852.8", "0"], ["65853.9", "87"], ["65855.3", "0"], ["65855.6", "0"], ["65855.9", "500"], ["65856.0", "318"], ["65856.6", "1"], ["65856.8", "1256"], ["65856.9", "1001"], ["65858.6", "0"], ["65858.7", "0"], ["65858.9", "2"], ["65859.0", "0"], ["65859.1", "0"], ["65859.2", "0"], ["65859.5", "212"], ["65859.6", "296"], ["65862.1", "51"], ["65863.0", "212"], ["65863.2", "14"], ["65866.2", "0"], ["65866.5", "68"], ["65868.0", "1"], ["65868.9", "0"], ["65870.1", "0"], ["65870.3", "0"], ["65870.8", "1"], ["65872.0", "2952"], ["65873.4", "0"], ["65874.3", "0"], ["65879.8", "0"], ["65881.0", "7344"], ["65882.8", "1"], ["65884.5", "0"], ["65899.2", "1645"], ["65901.7", "2"], ["65901.8", "696"], ["65901.9", "0"], ["65902.0", "0"], ["65902.1", "8"], ["65902.2", "1008"], ["65980.2", "0"], ["66593.2", "2793"], ["66595.0", "693"], ["66626.8", "0"], ["66702.2", "6"], ["66733.7", "934"], ["70706.1", "0"]], "_doc": "6fdabc0a-c914-433a-a36a-5bfc4bab7ae6"}, {"e": "depthUpdate", "E": 1712070269563, "T": 1712070269551, "s": "BTCUSD_PERP", "ps": "BTCUSD", "U": 906367538472, "u": 906367551147, "pu": 906367538451, "b": [["5000.0", "2"], ["55000.0", "152988"], ["64955.8", "1038"], ["65190.4", "0"], ["65502.8", "0"], ["65506.8", "0"], ["65509.7", "1"], ["65542.7", "0"], ["65716.2", "0"], ["65717.3", "0"], ["65722.8", "2000"], ["65724.6", "1000"], ["65739.4", "0"], ["65739.5", "0"], ["65740.8", "501"], ["65742.3", "0"], ["65744.3", "846"], ["65745.3", "0"], ["65759.0", "4807"], ["65761.5", "0"], ["65770.9", "99"], ["65772.0", "2204"], ["65775.2", "0"], ["65775.4", "0"], ["65775.7", "1"], ["65776.3", "0"], ["65776.5", "7"], ["65779.2", "268"], ["65779.4", "39"], ["65780.7", "1"], ["65781.9", "17"], ["65782.5", "6"], ["65785.3", "1"], ["65785.5", "0"], ["65785.6", "0"], ["65786.0", "0"], ["65786.5", "0"], ["65787.5", "585"], ["65788.8", "1"], ["65790.5", "13"], ["65790.7", "209"], ["65791.1", "0"], ["65792.1", "0"], ["65792.2", "6"], ["65793.1", "0"], ["65795.0", "0"], ["65795.4", "1"], ["65795.5", "0"], ["65797.1", "13"], ["65798.3", "300"], ["65798.9", "15"], ["65799.4", "0"], ["65802.0", "1"], ["65802.5", "0"], ["65802.8", "2370"], ["65803.0", "0"], ["65803.3", "8"], ["65803.7", "0"], ["65803.9", "2981"], ["65804.0", "572"], ["65804.8", "0"], ["65805.0", "498"], ["65805.1", "1"], ["65805.3", "33"], ["65805.4", "4"], ["65805.9", "8"], ["65807.5", "0"], ["65808.0", "98"], ["65808.1", "0"], ["65808.3", "2"], ["65809.0", "0"], ["65809.4", "62"], ["65809.5", "0"], ["65810.5", "1002"], ["65810.9", "2"], ["65811.2", "14"], ["65812.1", "15"], ["65812.2", "769"], ["65812.5", "0"], ["65813.4", "5"], ["65813.5", "1"], ["65813.9", "0"], ["65814.3", "0"], ["65814.9", "0"], ["65815.1", "0"], ["65815.6", "0"], ["65815.7", "498"], ["65815.8", "8"], ["65816.0", "314"], ["65816.2", "405"], ["65816.3", "40"], ["65816.5", "4"], ["65816.6", "0"], ["65816.9", "1001"], ["65817.6", "0"], ["65817.8", "0"], ["65818.0", "513"], ["65818.4", "0"], ["65818.7", "0"], ["65818.8", "0"], ["65818.9", "19"], ["65819.1", "150"], ["65819.2", "609"], ["65819.3", "0"], ["65819.9", "43"], ["65820.0", "115"], ["65820.1", "20"], ["65820.6", "21"], ["65821.0", "0"], ["65821.1", "10"], ["65821.2", "140"], ["65821.5", "0"], ["65821.6", "0"], ["65821.7", "94"], ["65822.1", "300"], ["65822.4", "10"], ["65822.5", "7"], ["65822.6", "1"], ["65822.8", "10"], ["65822.9", "0"], ["65823.2", "0"], ["65823.5", "10"], ["65824.0", "108"], ["65824.1", "10"], ["65824.5", "164"], ["65824.7", "87"], ["65824.9", "151"], ["65825.5", "19"], ["65825.7", "0"], ["65825.8", "500"], ["65826.1", "90"], ["65826.6", "34"], ["65826.7", "302"], ["65826.8", "0"], ["65826.9", "10"], ["65827.2", "0"], ["65827.3", "0"], ["65827.4", "1"], ["65828.0", "96"], ["65828.1", "0"], ["65828.2", "0"], ["65828.3", "0"], ["65828.4", "1"], ["65828.7", "0"], ["65828.9", "48"], ["65829.0", "0"], ["65829.1", "2"], ["65829.9", "0"], ["65830.0", "0"], ["65830.4", "7"], ["65830.8", "19"], ["65831.0", "500"], ["65831.1", "130"], ["65831.2", "462"], ["65831.3", "0"], ["65831.5", "0"], ["65831.6", "303"], ["65831.9", "0"], ["65832.0", "429"], ["65832.1", "126"], ["65832.2", "7"], ["65832.3", "0"], ["65832.4", "0"], ["65832.8", "0"], ["65832.9", "0"], ["65833.0", "854"], ["65833.1", "0"], ["65833.2", "0"], ["65833.3", "1903"], ["65833.4", "1147"], ["65833.7", "0"], ["65833.8", "0"], ["65833.9", "0"], ["65834.0", "0"], ["65834.2", "1"], ["65834.7", "301"], ["65834.8", "1839"], ["65834.9", "0"], ["65835.0", "1"], ["65835.1", "0"], ["65835.2", "100"], ["65835.3", "0"], ["65835.4", "0"], ["65835.9", "2"], ["65836.0", "9518"], ["65837.3", "0"], ["65837.5", "0"], ["65838.2", "0"], ["65838.9", "0"], ["65839.9", "0"], ["65840.0", "0"], ["65840.4", "0"], ["65840.9", "0"], ["65841.9", "0"], ["65842.0", "0"], ["65843.2", "0"], ["65843.4", "0"], ["65843.9", "0"], ["65844.0", "0"], ["65844.1", "0"], ["65844.3", "0"], ["65844.7", "0"], ["65845.4", "0"], ["65845.6", "0"], ["65845.7", "0"]], "a": [["65834.8", "0"], ["65834.9", "0"], ["65835.0", "0"], ["65835.1", "0"], ["65835.3", "0"], ["65835.4", "0"], ["65836.0", "0"], ["65836.1", "643"], ["65837.4", "0"], ["65837.6", "0"], ["65838.3", "0"], ["65839.0", "0"], ["65841.0", "0"], ["65841.4", "354"], ["65842.3", "1547"], ["65843.3", "0"], ["65843.5", "0"], ["65844.0", "96"], ["65844.4", "0"], ["65844.6", "0"], ["65844.8", "0"], ["65845.7", "0"], ["65846.2", "0"], ["65846.7", "0"], ["65847.2", "10"], ["65847.5", "0"], ["65847.7", "0"], ["65847.9", "0"], ["65848.0", "96"], ["65848.3", "0"], ["65848.4", "2"], ["65848.5", "0"], ["65848.7", "0"], ["65849.0", "151"], ["65849.6", "10"], ["65849.8", "0"], ["65849.9", "2"], ["65850.1", "0"], ["65850.3", "10"], ["65850.4", "0"], ["65850.5", "0"], ["65850.6", "10"], ["65851.2", "1"], ["65851.3", "0"], ["65851.5", "99"], ["65851.6", "0"], ["65851.7", "10"], ["65851.9", "0"], ["65852.0", "571"], ["65852.2", "10"], ["65852.5", "151"], ["65852.9", "140"], ["65853.6", "0"], ["65854.0", "10"], ["65854.1", "10"], ["65854.6", "11"], ["65854.7", "0"], ["65854.8", "2"], ["65854.9", "178"], ["65855.0", "20"], ["65855.1", "0"], ["65855.3", "87"], ["65855.4", "10"], ["65855.8", "0"], ["65855.9", "500"], ["65856.0", "257"], ["65856.5", "17"], ["65856.8", "1"], ["65857.2", "0"], ["65857.6", "0"], ["65857.7", "99"], ["65857.8", "11"], ["65857.9", "500"], ["65858.5", "0"], ["65858.6", "0"], ["65859.1", "0"], ["65859.3", "0"], ["65859.4", "0"], ["65859.5", "151"], ["65859.9", "0"], ["65860.0", "0"], ["65860.1", "0"], ["65860.6", "0"], ["65861.2", "0"], ["65861.3", "0"], ["65861.4", "1"], ["65861.7", "0"], ["65862.0", "14"], ["65862.1", "11"], ["65862.9", "2"], ["65863.0", "151"], ["65863.1", "0"], ["65863.2", "7"], ["65863.8", "146"], ["65863.9", "0"], ["65864.0", "0"], ["65864.1", "1"], ["65864.3", "94"], ["65865.0", "100"], ["65865.1", "0"], ["65865.2", "0"], ["65865.3", "0"], ["65865.9", "1"], ["65866.0", "0"], ["65866.1", "19"], ["65866.2", "0"], ["65866.5", "7"], ["65866.6", "0"], ["65867.7", "605"], ["65867.8", "0"], ["65868.0", "0"], ["65868.8", "1000"], ["65869.0", "0"], ["65869.1", "1219"], ["65869.7", "0"], ["65869.8", "1"], ["65869.9", "28"], ["65870.1", "500"], ["65870.2", "0"], ["65870.3", "7"], ["65870.4", "160"], ["65870.9", "1"], ["65871.2", "0"], ["65871.3", "1000"], ["65871.9", "0"], ["65872.0", "2952"], ["65872.5", "0"], ["65873.7", "847"], ["65874.3", "1"], ["65874.4", "442"], ["65874.6", "1"], ["65874.9", "0"], ["65875.5", "0"], ["65876.6", "0"], ["65876.8", "0"], ["65877.3", "1029"], ["65877.8", "0"], ["65878.2", "0"], ["65878.3", "0"], ["65879.4", "0"], ["65881.0", "0"], ["65881.1", "2"], ["65881.2", "1"], ["65881.3", "0"], ["65881.4", "0"], ["65882.7", "0"], ["65884.4", "0"], ["65884.5", "7485"], ["65884.6", "12"], ["65884.7", "0"], ["65886.2", "2"], ["65886.5", "0"], ["65886.8", "238"], ["65887.8", "1"], ["65887.9", "0"], ["65888.8", "33"], ["65889.6", "1903"], ["65889.7", "0"], ["65890.4", "190"], ["65891.0", "0"], ["65895.4", "0"], ["65896.9", "0"], ["65897.3", "0"], ["65897.4", "0"], ["65897.5", "0"], ["65897.6", "0"], ["65898.3", "0"], ["65898.4", "0"], ["65898.5", "0"], ["65898.7", "0"], ["65899.0", "0"], ["65899.1", "0"], ["65899.2", "1181"], ["65899.6", "0"], ["65900.6", "0"], ["65900.7", "0"], ["65900.8", "0"], ["65900.9", "0"], ["65901.2", "1423"], ["65901.3", "2446"], ["65901.5", "0"], ["65901.6", "0"], ["65901.7", "10"], ["65901.8", "704"], ["65903.1", "585"], ["65907.5", "0"], ["65910.0", "1000"], ["65922.9", "0"], ["65927.2", "10"], ["65938.5", "1174"], ["65943.4", "1"], ["65946.3", "1005"], ["65959.1", "120"], ["65959.2", "0"], ["65964.3", "1000"], ["65973.6", "2"], ["65980.2", "1"], ["65983.4", "14400"], ["66136.5", "2"], ["66602.0", "1064"], ["66619.2", "4099"], ["66667.9", "0"], ["66733.7", "2000"], ["66756.6", "2666"], ["67077.4", "0"]], "_doc": "72ca030e-f046-4c7b-bd4c-8b3d679c8298"}, {"e": "depthUpdate", "E": 1712070269062, "T": 1712070269056, "s": "BTCUSD_PERP", "ps": "BTCUSD", "U": 906367531077, "u": 906367538451, "pu": 906367531001, "b": [["5000.0", "1"], ["32916.0", "0"], ["64943.3", "6548"], ["65074.9", "2112"], ["65094.5", "0"], ["65122.3", "675"], ["65502.8", "1"], ["65710.5", "0"], ["65725.9", "364"], ["65729.9", "1"], ["65739.4", "846"], ["65739.5", "516"], ["65741.9", "41"], ["65751.0", "140"], ["65762.3", "1508"], ["65769.0", "1"], ["65771.6", "0"], ["65775.2", "30"], ["65775.4", "38"], ["65777.1", "0"], ["65777.2", "0"], ["65778.3", "0"], ["65778.9", "0"], ["65779.0", "0"], ["65780.4", "7"], ["65782.2", "1"], ["65782.3", "0"], ["65782.5", "591"], ["65784.8", "1"], ["65785.5", "0"], ["65785.6", "4"], ["65786.5", "13"], ["65786.6", "1"], ["65788.7", "0"], ["65788.8", "7671"], ["65791.5", "0"], ["65791.8", "0"], ["65792.0", "1"], ["65792.1", "0"], ["65793.1", "13"], ["65795.0", "15"], ["65796.8", "101"], ["65797.7", "0"], ["65797.8", "41"], ["65798.3", "306"], ["65799.4", "8"], ["65799.8", "136"], ["65802.0", "9"], ["65802.9", "6"], ["65803.9", "2981"], ["65804.0", "96"], ["65804.1", "0"], ["65804.4", "0"], ["65804.7", "0"], ["65805.0", "498"], ["65805.4", "7"], ["65807.3", "1"], ["65807.4", "1987"], ["65808.1", "15"], ["65808.2", "1195"], ["65809.6", "0"], ["65811.2", "405"], ["65812.0", "596"], ["65812.1", "92"], ["65812.5", "4"], ["65813.9", "10"], ["65814.9", "19"], ["65815.1", "4"], ["65816.1", "0"], ["65816.4", "35"], ["65817.4", "9"], ["65817.5", "16"], ["65818.0", "1113"], ["65818.6", "1000"], ["65818.9", "0"], ["65819.0", "0"], ["65819.1", "146"], ["65819.2", "709"], ["65819.5", "46"], ["65820.1", "0"], ["65821.0", "61"], ["65821.1", "0"], ["65821.2", "0"], ["65821.5", "19"], ["65821.6", "1"], ["65822.1", "0"], ["65822.2", "0"], ["65822.3", "37"], ["65822.9", "7"], ["65823.0", "0"], ["65823.2", "450"], ["65823.3", "0"], ["65823.4", "0"], ["65824.1", "277"], ["65824.2", "0"], ["65824.5", "225"], ["65824.9", "5"], ["65825.1", "0"], ["65825.2", "0"], ["65825.4", "0"], ["65825.6", "50"], ["65826.0", "30"], ["65826.1", "0"], ["65826.2", "0"], ["65826.3", "0"], ["65826.4", "0"], ["65826.7", "0"], ["65827.1", "0"], ["65827.2", "100"], ["65827.3", "0"], ["65827.4", "1"], ["65827.5", "0"], ["65827.6", "0"], ["65828.0", "157"], ["65828.1", "19"], ["65828.2", "96"], ["65828.7", "50"], ["65829.0", "0"], ["65829.7", "0"], ["65829.9", "897"], ["65830.0", "0"], ["65830.1", "0"], ["65830.4", "0"], ["65831.0", "811"], ["65831.2", "371"], ["65831.5", "61"], ["65832.0", "5331"], ["65832.1", "3215"], ["65833.6", "0"], ["65834.4", "0"], ["65834.8", "6936"], ["65835.9", "3089"], ["65836.0", "5968"], ["65839.9", "0"], ["65840.0", "0"], ["65840.4", "0"], ["65840.9", "0"], ["65841.9", "0"], ["65842.0", "0"], ["65842.9", "0"], ["65843.9", "0"], ["65844.0", "0"]], "a": [["65829.8", "0"], ["65830.0", "0"], ["65830.1", "0"], ["65830.2", "0"], ["65830.5", "0"], ["65831.1", "0"], ["65831.2", "0"], ["65831.3", "0"], ["65831.6", "0"], ["65832.1", "0"], ["65833.7", "0"], ["65834.5", "0"], ["65834.9", "0"], ["65836.0", "0"], ["65836.5", "0"], ["65836.9", "0"], ["65837.6", "0"], ["65838.5", "0"], ["65839.4", "0"], ["65839.6", "0"], ["65839.7", "0"], ["65839.8", "0"], ["65840.2", "0"], ["65840.5", "0"], ["65841.4", "0"], ["65842.0", "6"], ["65842.2", "0"], ["65843.0", "0"], ["65843.1", "0"], ["65844.0", "96"], ["65844.1", "39"], ["65844.6", "277"], ["65845.4", "0"], ["65845.5", "584"], ["65845.9", "0"], ["65846.0", "0"], ["65847.0", "0"], ["65847.1", "8"], ["65847.3", "0"], ["65847.7", "1606"], ["65847.9", "25"], ["65848.1", "0"], ["65848.6", "0"], ["65848.9", "0"], ["65849.0", "151"], ["65849.2", "0"], ["65849.4", "0"], ["65849.8", "0"], ["65849.9", "0"], ["65850.7", "0"], ["65851.2", "11"], ["65851.3", "7"], ["65851.4", "0"], ["65851.9", "0"], ["65852.0", "471"], ["65852.1", "0"], ["65852.4", "2"], ["65852.5", "212"], ["65852.9", "100"], ["65853.6", "7"], ["65853.8", "0"], ["65854.7", "0"], ["65854.9", "0"], ["65855.0", "0"], ["65855.9", "0"], ["65856.0", "308"], ["65856.1", "0"], ["65856.5", "0"], ["65857.2", "2"], ["65857.3", "479"], ["65857.5", "0"], ["65858.2", "2"], ["65858.5", "0"], ["65859.1", "100"], ["65859.4", "7"], ["65859.5", "212"], ["65859.6", "0"], ["65860.2", "6"], ["65861.3", "7"], ["65861.4", "2"], ["65861.5", "2"], ["65861.6", "0"], ["65861.7", "0"], ["65861.9", "0"], ["65862.0", "0"], ["65862.5", "0"], ["65862.7", "0"], ["65863.0", "61"], ["65863.1", "1"], ["65863.2", "0"], ["65863.8", "0"], ["65864.0", "605"], ["65864.5", "1000"], ["65865.2", "605"], ["65865.3", "1"], ["65865.4", "44"], ["65866.2", "605"], ["65866.5", "0"], ["65866.8", "1000"], ["65867.8", "764"], ["65868.0", "1"], ["65868.5", "0"], ["65869.0", "7"], ["65869.8", "0"], ["65869.9", "847"], ["65870.2", "160"], ["65870.9", "0"], ["65871.5", "0"], ["65871.8", "0"], ["65871.9", "7"], ["65872.2", "0"], ["65873.1", "0"], ["65874.4", "28"], ["65874.5", "1935"], ["65875.5", "0"], ["65878.3", "0"], ["65879.4", "1"], ["65881.6", "1"], ["65882.8", "41"], ["65883.3", "0"], ["65884.8", "1"], ["65886.2", "22"], ["65886.5", "1903"], ["65886.6", "6"], ["65897.1", "1201"], ["65900.0", "9"], ["65914.5", "1000"], ["65931.4", "0"], ["65933.0", "0"], ["65934.1", "1946"], ["65935.0", "0"], ["65935.1", "0"], ["65939.3", "0"], ["65939.6", "1"], ["65946.1", "0"], ["65946.8", "256"], ["65956.6", "0"], ["65958.8", "300"], ["65958.9", "301"], ["65959.1", "110"], ["65964.8", "300"], ["65965.7", "300"], ["66589.2", "1695"], ["66744.0", "3458"], ["66766.6", "3667"]], "_doc": "cf237914-1581-49ce-ab76-c104aa0b19b9"}, {"e": "depthUpdate", "E": 1712070268551, "T": 1712070268542, "s": "BTCUSD_PERP", "ps": "BTCUSD", "U": 906367527340, "u": 906367531001, "pu": 906367527338, "b": [["5000.0", "1"], ["64098.9", "0"], ["64706.7", "0"], ["64771.2", "1678"], ["64826.6", "672"], ["64844.5", "3108"], ["64949.5", "0"], ["64955.9", "14"], ["65502.8", "1"], ["65775.2", "0"], ["65775.4", "0"], ["65778.7", "0"], ["65786.5", "0"], ["65792.1", "6"], ["65793.1", "0"], ["65795.0", "0"], ["65799.4", "0"], ["65802.0", "1"], ["65803.2", "0"], ["65804.1", "7"], ["65805.4", "0"], ["65807.6", "0"], ["65808.1", "0"], ["65812.5", "0"], ["65814.9", "0"], ["65815.1", "500"], ["65816.1", "7"], ["65816.3", "0"], ["65817.5", "16"], ["65817.6", "500"], ["65817.8", "10"], ["65817.9", "0"], ["65818.4", "10"], ["65818.5", "300"], ["65818.6", "1000"], ["65818.7", "89"], ["65818.8", "122"], ["65818.9", "25"], ["65819.1", "146"], ["65819.2", "749"], ["65819.5", "0"], ["65819.7", "0"], ["65820.1", "7"], ["65820.2", "0"], ["65821.0", "0"], ["65821.1", "854"], ["65821.5", "0"], ["65821.6", "0"], ["65821.7", "0"], ["65821.8", "2"], ["65821.9", "0"], ["65822.1", "1724"], ["65822.2", "1901"], ["65822.4", "0"], ["65822.5", "0"], ["65822.9", "7"], ["65823.0", "2"], ["65823.1", "0"], ["65823.2", "1600"], ["65823.4", "0"], ["65823.5", "0"], ["65823.9", "0"], ["65824.1", "0"], ["65824.2", "0"], ["65824.5", "0"], ["65824.6", "0"], ["65824.9", "0"], ["65825.0", "0"], ["65825.6", "0"], ["65825.7", "0"], ["65826.1", "0"], ["65826.2", "450"], ["65826.3", "1210"], ["65826.7", "605"], ["65826.8", "7"], ["65827.1", "0"], ["65827.3", "686"], ["65827.4", "1"], ["65828.0", "96"], ["65828.1", "0"], ["65828.2", "0"], ["65828.3", "0"], ["65828.4", "0"], ["65828.5", "0"], ["65828.7", "0"], ["65829.0", "0"], ["65829.1", "0"], ["65829.9", "69"], ["65830.4", "0"], ["65831.1", "30"], ["65831.5", "0"], ["65832.0", "2244"], ["65833.6", "0"], ["65834.4", "0"]], "a": [["65830.0", "0"], ["65831.1", "0"], ["65831.2", "0"], ["65831.6", "0"], ["65832.1", "2059"], ["65834.5", "1556"], ["65836.9", "56"], ["65837.2", "0"], ["65837.6", "1"], ["65838.5", "34"], ["65839.6", "450"], ["65839.7", "452"], ["65839.8", "450"], ["65839.9", "0"], ["65840.7", "0"], ["65840.8", "0"], ["65841.4", "99"], ["65842.0", "157"], ["65842.9", "0"], ["65844.0", "236"], ["65844.1", "39"], ["65844.6", "216"], ["65845.2", "0"], ["65845.4", "571"], ["65845.5", "735"], ["65845.7", "10"], ["65845.9", "0"], ["65846.6", "0"], ["65846.8", "2"], ["65846.9", "2"], ["65847.0", "7"], ["65847.1", "8"], ["65847.3", "0"], ["65847.4", "0"], ["65847.6", "0"], ["65847.7", "1"], ["65848.9", "0"], ["65849.0", "151"], ["65849.5", "0"], ["65851.3", "7"], ["65852.4", "9"], ["65852.5", "151"], ["65853.6", "0"], ["65854.4", "0"], ["65854.9", "500"], ["65855.0", "14"], ["65855.9", "1210"], ["65856.0", "247"], ["65856.3", "0"], ["65856.5", "51"], ["65857.5", "605"], ["65858.1", "0"], ["65858.2", "2"], ["65859.4", "0"], ["65859.5", "0"], ["65861.5", "769"], ["65861.6", "847"], ["65861.7", "731"], ["65861.8", "0"], ["65863.1", "1"], ["65866.0", "0"], ["65866.7", "0"], ["65867.9", "1"], ["65871.5", "7512"], ["65874.8", "0"], ["65875.8", "2"], ["65876.8", "0"], ["65879.4", "1903"], ["65880.6", "0"], ["65882.4", "0"], ["65897.2", "1990"], ["66602.0", "2128"], ["66744.0", "1729"], ["67483.5", "1685"], ["67524.6", "0"]], "_doc": "90b7d53c-fda4-40ed-ac4a-0d770710bcc6"}, {"e": "depthUpdate", "E": 1712070268050, "T": 1712070268041, "s": "BTCUSD_PERP", "ps": "BTCUSD", "U": 906367521676, "u": 906367527338, "pu": 906367521656, "b": [["5000.0", "2"], ["32916.0", "0"], ["64771.2", "1060"], ["64864.1", "0"], ["64943.3", "5511"], ["64962.6", "0"], ["65009.1", "1039"], ["65042.0", "2597"], ["65054.6", "974"], ["65502.8", "1"], ["65688.2", "0"], ["65759.0", "4807"], ["65759.1", "0"], ["65777.1", "0"], ["65778.8", "0"], ["65778.9", "7587"], ["65782.4", "775"], ["65782.5", "6"], ["65782.6", "6"], ["65783.7", "0"], ["65792.0", "2982"], ["65793.0", "258"], ["65795.6", "773"], ["65796.8", "2088"], ["65797.2", "1"], ["65802.2", "621"], ["65802.8", "3129"], ["65804.1", "0"], ["65804.6", "0"], ["65805.4", "0"], ["65805.8", "0"], ["65805.9", "0"], ["65807.6", "7"], ["65809.5", "91"], ["65809.6", "0"], ["65812.1", "93"], ["65817.3", "0"], ["65817.7", "0"], ["65817.8", "10"], ["65820.9", "0"], ["65821.0", "0"], ["65821.7", "25"], ["65822.2", "0"], ["65822.4", "90"], ["65822.6", "0"], ["65823.5", "0"], ["65823.6", "0"], ["65823.7", "0"], ["65823.8", "0"], ["65824.5", "61"], ["65824.9", "0"], ["65825.0", "0"], ["65825.7", "1908"], ["65826.8", "1158"], ["65827.3", "0"], ["65827.4", "1"], ["65828.0", "157"], ["65828.7", "0"], ["65828.9", "112"], ["65829.0", "607"], ["65830.0", "0"], ["65831.1", "400"], ["65831.2", "1"], ["65831.5", "0"], ["65832.0", "4682"], ["65834.8", "0"], ["65835.9", "0"], ["65836.0", "0"]], "a": [["65830.0", "0"], ["65830.1", "0"], ["65831.1", "0"], ["65831.2", "0"], ["65831.3", "0"], ["65831.6", "0"], ["65832.1", "1698"], ["65832.6", "0"], ["65833.3", "0"], ["65833.7", "309"], ["65837.6", "0"], ["65838.4", "0"], ["65839.9", "1556"], ["65840.7", "450"], ["65840.8", "450"], ["65840.9", "0"], ["65841.0", "1"], ["65842.1", "126"], ["65842.9", "2"], ["65843.7", "0"], ["65843.8", "0"], ["65845.5", "834"], ["65846.6", "89"], ["65847.4", "115"], ["65847.7", "26"], ["65847.9", "0"], ["65848.1", "0"], ["65848.7", "500"], ["65849.0", "151"], ["65849.1", "0"], ["65849.2", "0"], ["65849.3", "0"], ["65849.4", "0"], ["65849.5", "7"], ["65850.0", "6"], ["65850.5", "0"], ["65851.3", "0"], ["65852.1", "0"], ["65852.5", "151"], ["65853.6", "7"], ["65855.9", "0"], ["65856.0", "247"], ["65856.3", "500"], ["65856.5", "44"], ["65857.8", "11"], ["65857.9", "0"], ["65858.1", "7"], ["65859.5", "0"], ["65859.6", "296"], ["65859.9", "0"], ["65860.1", "77"], ["65861.7", "738"], ["65863.0", "0"], ["65865.4", "0"], ["65866.7", "1"], ["65873.7", "0"], ["65889.7", "305"], ["65895.9", "2"], ["65896.0", "0"], ["65896.1", "0"], ["65896.2", "0"], ["65897.3", "8"], ["65897.4", "8"], ["66589.2", "1031"], ["66622.1", "3725"], ["66655.0", "3328"], ["67750.0", "4459"]], "_doc": "f2cddcd9-8366-4c8c-9079-d67154118ce7"}, {"e": "depthUpdate", "E": 1712070267548, "T": 1712070267541, "s": "BTCUSD_PERP", "ps": "BTCUSD", "U": 906367509780, "u": 906367521656, "pu": 906367509686, "b": [["5000.0", "1"], ["64444.0", "189"], ["64943.3", "2204"], ["64955.8", "2076"], ["64958.4", "0"], ["65090.1", "0"], ["65502.8", "1"], ["65707.3", "0"], ["65707.4", "0"], ["65719.2", "0"], ["65719.3", "0"], ["65759.1", "6"], ["65761.5", "99"], ["65770.8", "1"], ["65775.2", "30"], ["65778.7", "2"], ["65778.8", "7444"], ["65779.3", "0"], ["65779.6", "0"], ["65780.3", "146"], ["65780.4", "13"], ["65782.5", "0"], ["65785.9", "0"], ["65788.6", "370"], ["65790.2", "0"], ["65790.7", "584"], ["65792.9", "188"], ["65793.8", "0"], ["65795.0", "15"], ["65798.3", "300"], ["65798.5", "300"], ["65799.4", "8"], ["65800.7", "1076"], ["65801.9", "1"], ["65802.0", "9"], ["65802.2", "3602"], ["65802.9", "0"], ["65803.2", "6"], ["65804.6", "4"], ["65805.4", "7"], ["65805.8", "1987"], ["65808.1", "15"], ["65809.5", "315"], ["65810.2", "1085"], ["65810.4", "301"], ["65811.9", "0"], ["65812.5", "4"], ["65815.1", "504"], ["65815.6", "10"], ["65815.7", "508"], ["65816.6", "31"], ["65817.6", "507"], ["65817.9", "0"], ["65818.5", "300"], ["65818.7", "89"], ["65819.0", "0"], ["65819.2", "0"], ["65819.6", "0"], ["65819.7", "609"], ["65819.8", "0"], ["65820.1", "0"], ["65820.6", "1"], ["65821.0", "0"], ["65821.1", "0"], ["65821.2", "0"], ["65821.6", "0"], ["65821.7", "0"], ["65821.8", "2"], ["65822.1", "100"], ["65822.2", "0"], ["65822.3", "1"], ["65822.6", "75"], ["65822.9", "0"], ["65823.3", "0"], ["65823.4", "847"], ["65823.9", "7"], ["65824.0", "98"], ["65824.1", "513"], ["65824.5", "0"], ["65824.6", "0"], ["65824.9", "5"], ["65825.0", "115"], ["65825.7", "0"], ["65826.1", "0"], ["65826.5", "1"], ["65826.7", "605"], ["65826.8", "374"], ["65826.9", "0"], ["65827.0", "0"], ["65827.2", "99"], ["65828.0", "96"], ["65828.1", "19"], ["65828.2", "0"], ["65828.3", "0"], ["65828.7", "1908"], ["65829.0", "0"], ["65829.9", "605"], ["65830.0", "1148"], ["65830.4", "0"], ["65831.1", "30"], ["65831.5", "0"], ["65831.6", "0"], ["65832.0", "5294"], ["65834.8", "0"], ["65835.9", "0"], ["65836.0", "0"]], "a": [["65832.1", "1001"], ["65834.9", "3"], ["65836.1", "351"], ["65838.1", "0"], ["65838.4", "298"], ["65839.2", "0"], ["65839.7", "0"], ["65839.8", "0"], ["65840.8", "0"], ["65841.7", "0"], ["65842.0", "6"], ["65842.1", "1723"], ["65843.0", "75"], ["65843.5", "10"], ["65843.9", "0"], ["65844.1", "39"], ["65845.4", "0"], ["65845.5", "834"], ["65846.1", "0"], ["65846.6", "0"], ["65846.8", "2"], ["65847.4", "0"], ["65847.9", "7"], ["65848.1", "0"], ["65848.4", "12"], ["65848.5", "10"], ["65849.0", "151"], ["65849.5", "0"], ["65850.0", "98"], ["65850.1", "10"], ["65850.2", "0"], ["65850.7", "0"], ["65850.9", "0"], ["65851.1", "0"], ["65851.3", "7"], ["65851.9", "0"], ["65852.0", "471"], ["65852.1", "50"], ["65852.4", "2"], ["65852.5", "151"], ["65853.0", "0"], ["65853.6", "0"], ["65854.4", "0"], ["65854.7", "0"], ["65854.8", "2"], ["65854.9", "0"], ["65855.0", "7"], ["65855.3", "0"], ["65855.4", "0"], ["65855.5", "0"], ["65855.6", "0"], ["65855.9", "1"], ["65856.0", "247"], ["65856.2", "0"], ["65856.4", "0"], ["65857.3", "0"], ["65857.5", "0"], ["65858.2", "9"], ["65859.4", "605"], ["65859.5", "0"], ["65859.6", "796"], ["65859.8", "0"], ["65861.8", "1210"], ["65861.9", "1"], ["65862.0", "0"], ["65863.0", "0"], ["65863.1", "0"], ["65863.2", "28"], ["65864.4", "175"], ["65865.4", "7"], ["65866.0", "847"], ["65866.6", "405"], ["65866.7", "7"], ["65866.8", "1001"], ["65867.3", "0"], ["65867.5", "0"], ["65867.8", "0"], ["65868.7", "0"], ["65868.9", "0"], ["65870.9", "2"], ["65871.6", "1"], ["65873.7", "1"], ["65874.8", "7478"], ["65876.6", "2"], ["65879.4", "0"], ["65880.6", "1903"], ["65880.7", "0"], ["65889.3", "0"], ["65889.4", "0"], ["65895.2", "102"], ["65895.3", "0"], ["65895.4", "585"], ["65895.5", "0"], ["65895.6", "0"], ["65895.7", "0"], ["65895.8", "0"], ["65895.9", "10"], ["65896.0", "8"], ["65900.1", "2985"], ["65902.2", "1000"], ["65909.0", "2"], ["65923.8", "1000"], ["65935.0", "300"], ["65935.1", "300"], ["65938.5", "2020"], ["65946.9", "300"], ["65947.0", "300"], ["65959.1", "130"], ["66655.0", "2263"]], "_doc": "ab515019-2020-474b-a664-1cee201c5586"}, {"e": "depthUpdate", "E": 1712070267046, "T": 1712070267020, "s": "BTCUSD_PERP", "ps": "BTCUSD", "U": 906367504390, "u": 906367509686, "pu": 906367504342, "b": [["5000.0", "2"], ["32916.0", "0"], ["65025.6", "0"], ["65060.6", "44"], ["65061.8", "32"], ["65074.9", "1072"], ["65502.8", "1"], ["65709.6", "0"], ["65754.3", "0"], ["65775.0", "1"], ["65775.4", "38"], ["65776.0", "0"], ["65779.3", "7393"], ["65779.5", "0"], ["65780.3", "4419"], ["65780.4", "7"], ["65786.5", "13"], ["65788.7", "327"], ["65793.1", "13"], ["65800.7", "1082"], ["65802.5", "15"], ["65812.3", "0"], ["65814.9", "19"], ["65815.8", "1"], ["65816.2", "0"], ["65816.5", "20"], ["65816.6", "0"], ["65816.8", "640"], ["65817.0", "370"], ["65817.3", "1"], ["65817.5", "16"], ["65817.7", "0"], ["65818.4", "10"], ["65818.5", "415"], ["65818.7", "7"], ["65818.8", "0"], ["65819.0", "25"], ["65819.1", "146"], ["65819.4", "0"], ["65819.6", "609"], ["65819.8", "0"], ["65821.0", "61"], ["65821.1", "0"], ["65821.2", "7"], ["65821.5", "19"], ["65821.8", "2"], ["65822.9", "1901"], ["65823.3", "1148"], ["65823.4", "0"], ["65824.5", "61"], ["65824.9", "7"], ["65825.0", "0"], ["65825.6", "50"], ["65827.0", "0"], ["65828.0", "157"], ["65828.1", "1229"], ["65829.0", "0"], ["65829.2", "0"], ["65829.3", "0"], ["65829.9", "0"], ["65831.1", "57"], ["65831.5", "61"], ["65832.0", "3840"], ["65834.8", "0"], ["65835.9", "0"], ["65836.0", "0"], ["65837.2", "0"]], "a": [["65823.9", "0"], ["65824.0", "0"], ["65824.1", "0"], ["65824.2", "0"], ["65824.3", "0"], ["65824.5", "0"], ["65824.6", "0"], ["65824.7", "0"], ["65824.8", "0"], ["65824.9", "0"], ["65825.0", "0"], ["65825.1", "0"], ["65825.4", "0"], ["65825.5", "0"], ["65825.6", "0"], ["65825.7", "0"], ["65826.1", "0"], ["65826.6", "0"], ["65826.7", "0"], ["65826.8", "0"], ["65826.9", "0"], ["65827.0", "0"], ["65827.1", "0"], ["65827.4", "0"], ["65827.8", "0"], ["65828.1", "0"], ["65828.2", "0"], ["65828.3", "0"], ["65828.7", "0"], ["65829.0", "0"], ["65829.1", "0"], ["65829.9", "0"], ["65830.0", "0"], ["65830.4", "0"], ["65831.1", "0"], ["65831.2", "0"], ["65831.3", "0"], ["65831.6", "0"], ["65832.0", "0"], ["65832.1", "2066"], ["65837.3", "0"], ["65838.5", "0"], ["65843.2", "0"], ["65843.4", "0"], ["65843.5", "100"], ["65844.0", "96"], ["65844.1", "79"], ["65845.5", "836"], ["65846.6", "2"], ["65847.2", "0"], ["65848.1", "75"], ["65849.0", "212"], ["65850.5", "0"], ["65850.9", "0"], ["65851.9", "1"], ["65852.0", "876"], ["65852.4", "509"], ["65852.5", "212"], ["65853.8", "100"], ["65856.0", "157"], ["65857.2", "0"], ["65859.8", "0"], ["65861.9", "610"], ["65867.9", "776"], ["65868.4", "0"], ["65868.5", "28"], ["65868.6", "0"], ["65871.6", "7479"], ["65871.7", "0"], ["65886.6", "160"], ["65889.3", "1792"], ["65890.1", "0"], ["65894.4", "1"], ["65894.5", "0"], ["65894.6", "0"], ["65894.7", "0"], ["65894.8", "0"], ["65895.2", "110"], ["65895.3", "8"], ["65906.4", "1176"], ["66622.1", "2661"], ["66642.2", "1"], ["66655.0", "1198"], ["66657.7", "2130"], ["66659.1", "2130"], ["66675.1", "0"], ["66683.2", "20"], ["66687.9", "2198"], ["66720.8", "1207"], ["66749.1", "0"]], "_doc": "56f2267b-ccf2-4923-be2b-a39b7ba2bf0f"}, {"e": "depthUpdate", "E": 1712070266543, "T": 1712070266534, "s": "BTCUSD_PERP", "ps": "BTCUSD", "U": 906367497625, "u": 906367504342, "pu": 906367497621, "b": [["5000.0", "2"], ["64844.5", "2137"], ["64946.0", "1045"], ["64952.5", "1167"], ["65032.8", "0"], ["65077.7", "1040"], ["65110.6", "4904"], ["65502.8", "1"], ["65699.9", "0"], ["65708.0", "0"], ["65711.1", "0"], ["65712.5", "0"], ["65721.2", "366"], ["65725.9", "1210"], ["65754.2", "6"], ["65757.3", "720"], ["65759.0", "4813"], ["65769.0", "586"], ["65771.6", "1"], ["65773.0", "0"], ["65774.9", "0"], ["65776.3", "1"], ["65776.4", "2001"], ["65777.2", "1"], ["65777.9", "0"], ["65779.5", "7393"], ["65779.6", "4"], ["65781.3", "0"], ["65782.8", "0"], ["65783.0", "0"], ["65785.4", "6"], ["65785.9", "0"], ["65786.0", "6"], ["65791.1", "300"], ["65791.5", "300"], ["65797.7", "405"], ["65798.7", "0"], ["65801.9", "8"], ["65803.7", "300"], ["65804.7", "300"], ["65806.2", "0"], ["65808.6", "1"], ["65810.6", "1000"], ["65810.9", "0"], ["65811.5", "0"], ["65811.7", "0"], ["65811.8", "1"], ["65811.9", "89"], ["65812.0", "632"], ["65812.2", "0"], ["65812.3", "115"], ["65812.4", "366"], ["65812.5", "0"], ["65812.8", "0"], ["65813.0", "0"], ["65813.4", "25"], ["65813.6", "0"], ["65813.7", "0"], ["65813.9", "47"], ["65814.0", "0"], ["65814.4", "0"], ["65814.5", "0"], ["65815.2", "1"], ["65815.4", "0"], ["65815.5", "0"], ["65815.6", "17"], ["65815.7", "10"], ["65816.1", "0"], ["65816.2", "50"], ["65816.3", "119"], ["65816.4", "0"], ["65816.6", "0"], ["65816.9", "1"], ["65817.1", "17"], ["65817.5", "16"], ["65817.7", "0"], ["65817.8", "10"], ["65817.9", "847"], ["65818.0", "513"], ["65818.4", "10"], ["65818.6", "1000"], ["65818.7", "7"], ["65818.8", "0"], ["65818.9", "0"], ["65819.2", "0"], ["65819.3", "0"], ["65819.5", "46"], ["65820.1", "0"], ["65820.2", "0"], ["65820.3", "0"], ["65820.4", "0"], ["65820.5", "0"], ["65820.9", "0"], ["65821.0", "1901"], ["65821.1", "1183"], ["65822.2", "0"], ["65822.3", "1"], ["65822.4", "0"], ["65822.5", "0"], ["65822.6", "99"], ["65822.9", "0"], ["65823.0", "0"], ["65823.1", "450"], ["65823.2", "450"], ["65823.3", "0"], ["65823.4", "275"], ["65824.1", "0"], ["65824.5", "0"], ["65824.6", "0"], ["65824.9", "7"], ["65825.0", "7"], ["65826.0", "30"], ["65826.6", "32"], ["65826.7", "0"], ["65826.8", "0"], ["65826.9", "605"], ["65827.0", "2"], ["65827.7", "0"], ["65828.0", "96"], ["65828.1", "1210"], ["65828.2", "735"], ["65828.6", "30"], ["65829.0", "7"], ["65829.2", "1573"], ["65829.8", "31"], ["65829.9", "952"], ["65830.3", "12"], ["65831.0", "311"], ["65831.1", "30"], ["65831.2", "1"], ["65831.5", "0"], ["65831.9", "1"], ["65832.0", "1789"], ["65833.2", "0"], ["65833.3", "0"], ["65834.8", "0"], ["65836.0", "0"]], "a": [["65826.6", "0"], ["65826.7", "0"], ["65827.8", "0"], ["65828.1", "0"], ["65828.2", "0"], ["65829.0", "0"], ["65831.1", "0"], ["65831.2", "0"], ["65831.3", "0"], ["65832.0", "0"], ["65832.1", "2127"], ["65833.3", "0"], ["65833.4", "0"], ["65834.1", "0"], ["65834.9", "303"], ["65835.0", "0"], ["65836.1", "451"], ["65837.3", "10"], ["65837.4", "0"], ["65837.6", "1"], ["65838.1", "99"], ["65838.5", "185"], ["65839.0", "0"], ["65839.1", "0"], ["65839.2", "1571"], ["65840.1", "2"], ["65840.7", "0"], ["65840.8", "450"], ["65840.9", "0"], ["65841.6", "0"], ["65841.7", "450"], ["65841.9", "0"], ["65842.0", "157"], ["65842.1", "126"], ["65842.5", "0"], ["65842.8", "0"], ["65843.2", "100"], ["65843.4", "2"], ["65843.6", "0"], ["65843.7", "303"], ["65843.9", "0"], ["65844.0", "112"], ["65844.1", "79"], ["65844.6", "178"], ["65844.7", "0"], ["65845.4", "7"], ["65845.5", "775"], ["65845.9", "0"], ["65846.3", "0"], ["65846.4", "0"], ["65846.6", "0"], ["65847.1", "8"], ["65847.9", "7"], ["65848.1", "100"], ["65848.4", "108"], ["65848.9", "0"], ["65849.0", "651"], ["65849.1", "0"], ["65849.4", "0"], ["65849.5", "0"], ["65850.4", "0"], ["65850.5", "0"], ["65851.1", "0"], ["65851.2", "1"], ["65851.3", "0"], ["65851.5", "0"], ["65851.7", "0"], ["65851.8", "0"], ["65852.0", "501"], ["65852.4", "9"], ["65852.5", "151"], ["65853.5", "0"], ["65853.6", "7"], ["65854.5", "0"], ["65854.6", "1"], ["65854.8", "607"], ["65854.9", "605"], ["65855.0", "0"], ["65855.2", "0"], ["65855.5", "605"], ["65856.0", "96"], ["65856.5", "44"], ["65857.1", "0"], ["65858.1", "0"], ["65858.6", "146"], ["65859.0", "0"], ["65859.5", "0"], ["65859.8", "1"], ["65861.3", "0"], ["65861.9", "1"], ["65862.0", "861"], ["65862.2", "0"], ["65862.5", "151"], ["65862.6", "0"], ["65863.2", "0"], ["65863.6", "15"], ["65865.4", "0"], ["65865.5", "602"], ["65866.8", "1003"], ["65867.2", "0"], ["65867.5", "300"], ["65867.7", "0"], ["65868.6", "7386"], ["65868.7", "1"], ["65868.8", "0"], ["65869.6", "0"], ["65870.6", "0"], ["65870.9", "0"], ["65871.2", "0"], ["65871.6", "1"], ["65871.7", "28"], ["65871.8", "3"], ["65873.1", "37"], ["65873.7", "0"], ["65875.6", "1092"], ["65875.8", "2"], ["65876.3", "0"], ["65876.6", "0"], ["65876.8", "0"], ["65877.0", "0"], ["65879.4", "1903"], ["65880.7", "585"], ["65881.4", "0"], ["65883.0", "0"], ["65884.7", "0"], ["65886.9", "0"], ["65906.5", "1506"], ["65914.3", "1948"], ["65923.8", "1846"], ["65939.3", "300"], ["65939.6", "301"], ["65939.9", "0"], ["65942.6", "250"], ["65952.2", "300"], ["65952.5", "300"], ["65966.3", "300"], ["65967.0", "1"], ["66040.1", "322"], ["66053.6", "0"], ["66670.4", "0"], ["66671.4", "1"], ["66682.0", "0"], ["66683.2", "1218"], ["66692.0", "2197"], ["66723.6", "1199"], ["66749.1", "1200"]], "_doc": "2bc9b220-e04d-478d-8789-2b17f2e216bd"}, {"e": "depthUpdate", "E": 1712070266043, "T": 1712070266024, "s": "BTCUSD_PERP", "ps": "BTCUSD", "U": 906367493170, "u": 906367497621, "pu": 906367493168, "b": [["5000.0", "2"], ["32916.0", "0"], ["64881.4", "4450"], ["64962.9", "6"], ["65098.7", "0"], ["65502.8", "1"], ["65506.8", "0"], ["65688.2", "275"], ["65699.9", "300"], ["65725.1", "0"], ["65730.3", "386"], ["65731.8", "370"], ["65731.9", "0"], ["65759.0", "4819"], ["65760.2", "620"], ["65763.5", "193"], ["65765.4", "8"], ["65765.5", "8"], ["65765.9", "0"], ["65766.0", "0"], ["65766.1", "0"], ["65766.2", "0"], ["65766.5", "0"], ["65766.6", "0"], ["65776.3", "7394"], ["65776.4", "2005"], ["65776.6", "0"], ["65779.3", "0"], ["65779.5", "0"], ["65780.4", "48"], ["65783.4", "0"], ["65791.8", "600"], ["65793.8", "1311"], ["65796.7", "1"], ["65797.3", "0"], ["65803.2", "37"], ["65803.9", "0"], ["65804.4", "300"], ["65805.0", "798"], ["65809.0", "0"], ["65809.3", "0"], ["65809.5", "224"], ["65810.4", "1"], ["65810.5", "1000"], ["65810.8", "59"], ["65812.0", "96"], ["65812.2", "932"], ["65813.0", "500"], ["65813.3", "0"], ["65813.4", "32"], ["65813.6", "1244"], ["65813.9", "10"], ["65814.0", "7"], ["65814.1", "0"], ["65814.2", "0"], ["65814.3", "10"], ["65814.4", "0"], ["65814.9", "0"], ["65815.0", "0"], ["65815.1", "500"], ["65815.2", "26"], ["65815.3", "0"], ["65815.6", "10"], ["65815.7", "10"], ["65816.0", "324"], ["65816.1", "0"], ["65816.2", "321"], ["65816.3", "119"], ["65816.4", "0"], ["65816.5", "20"], ["65817.0", "370"], ["65817.2", "1"], ["65817.3", "1"], ["65817.5", "16"], ["65817.7", "0"], ["65817.8", "10"], ["65818.2", "0"], ["65818.4", "10"], ["65818.7", "0"], ["65818.8", "0"], ["65819.2", "7"], ["65819.5", "0"], ["65819.6", "0"], ["65819.9", "33"], ["65820.0", "125"], ["65820.1", "2351"], ["65820.2", "1145"], ["65820.3", "450"], ["65820.4", "612"], ["65821.0", "0"], ["65821.3", "0"], ["65821.4", "0"], ["65821.5", "0"], ["65821.6", "0"], ["65821.7", "0"], ["65821.8", "1"], ["65822.2", "1210"], ["65822.3", "1"], ["65822.4", "0"], ["65822.8", "10"], ["65822.9", "0"], ["65823.0", "0"], ["65823.1", "0"], ["65823.2", "0"], ["65823.9", "0"], ["65824.0", "97"], ["65824.1", "0"], ["65824.2", "0"], ["65824.5", "0"], ["65824.9", "279"], ["65825.3", "0"], ["65825.4", "0"], ["65826.6", "32"], ["65826.7", "0"], ["65826.8", "0"], ["65827.7", "176"], ["65831.1", "0"], ["65833.2", "0"], ["65833.3", "0"]], "a": [["65826.6", "0"], ["65827.8", "0"], ["65828.1", "0"], ["65829.0", "0"], ["65829.9", "0"], ["65831.2", "0"], ["65831.3", "0"], ["65832.1", "3508"], ["65834.8", "0"], ["65834.9", "343"], ["65835.0", "151"], ["65836.1", "550"], ["65837.4", "140"], ["65837.6", "1"], ["65837.7", "0"], ["65838.5", "185"], ["65839.5", "0"], ["65839.7", "692"], ["65839.8", "450"], ["65839.9", "0"], ["65840.7", "32"], ["65840.9", "96"], ["65841.1", "0"], ["65841.2", "0"], ["65841.3", "0"], ["65841.4", "0"], ["65841.5", "0"], ["65842.0", "157"], ["65842.1", "666"], ["65842.2", "479"], ["65843.3", "10"], ["65843.5", "10"], ["65843.7", "303"], ["65844.0", "112"], ["65844.8", "10"], ["65845.4", "303"], ["65845.5", "775"], ["65845.7", "10"], ["65846.7", "10"], ["65847.4", "0"], ["65847.5", "10"], ["65847.6", "0"], ["65847.9", "1210"], ["65848.0", "606"], ["65848.1", "130"], ["65848.3", "10"], ["65848.4", "108"], ["65848.5", "10"], ["65848.9", "605"], ["65849.4", "7"], ["65849.6", "10"], ["65849.9", "0"], ["65850.1", "10"], ["65850.4", "1"], ["65850.8", "2"], ["65851.6", "10"], ["65852.1", "0"], ["65852.4", "2"], ["65852.5", "151"], ["65852.6", "0"], ["65852.7", "0"], ["65853.4", "0"], ["65853.7", "8"], ["65854.2", "0"], ["65855.0", "0"], ["65855.8", "0"], ["65857.2", "742"], ["65858.2", "2"], ["65861.3", "1"], ["65861.9", "7386"], ["65862.0", "0"], ["65862.2", "28"], ["65862.3", "8"], ["65863.2", "4"], ["65864.1", "1001"], ["65865.4", "0"], ["65865.5", "1602"], ["65866.8", "1002"], ["65868.7", "0"], ["65868.8", "0"], ["65883.3", "0"], ["65889.3", "1792"], ["65911.9", "305"], ["65938.9", "0"], ["65964.1", "300"], ["66136.5", "7"], ["66591.9", "1064"], ["66593.2", "1729"], ["66597.3", "1064"], ["66617.4", "6"], ["66646.3", "23"], ["67750.0", "4434"]], "_doc": "219823c5-5f29-4f05-8e40-2c26c7b5acce"}