[
  {
    "e": "aggTrade",
    "E": 1705531808834,
    "s": "BTCUSDT",
    "a": 2834188209,
    "p": "42626.77000000",
    "q": "0.00140000",
    "f": 3378125628,
    "l": 3378125628,
    "T": 1705531808833,
    "m": true,
    "M": true,
    "timestamp": 1705531810.1927276
  },
  {
    "e": "aggTrade",
    "E": 1705531811041,
    "s": "BTCUSDT",
    "a": 2834188211,
    "p": "42626.78000000",
    "q": "0.00014000",
    "f": 3378125630,
    "l": 3378125630,
    "T": 1705531811040,
    "m": false,
    "M": true,
    "timestamp": 1705531812.28087
  },
  {
    "e": "aggTrade",
    "E": 1705531811814,
    "s": "BTCUSDT",
    "a": 2834188213,
    "p": "42626.78000000",
    "q": "0.00469000",
    "f": 3378125632,
    "l": 3378125632,
    "T": 1705531811813,
    "m": false,
    "M": true,
    "timestamp": 1705531812.2858732
  },
  {
    "e": "aggTrade",
    "E": 1705531812609,
    "s": "BTCUSDT",
    "a": 2834188215,
    "p": "42626.78000000",
    "q": "0.00037000",
    "f": 3378125634,
    "l": 3378125634,
    "T": 1705531812608,
    "m": false,
    "M": true,
    "timestamp": 1705531812.9198484
  },
  {
    "e": "aggTrade",
    "E": 1705531812809,
    "s": "BTCUSDT",
    "a": 2834188217,
    "p": "42626.77000000",
    "q": "0.01270000",
    "f": 3378125636,
    "l": 3378125636,
    "T": 1705531812808,
    "m": true,
    "M": true,
    "timestamp": 1705531813.0601652
  },
  {
    "e": "aggTrade",
    "E": 1705531812909,
    "s": "BTCUSDT",
    "a": 2834188219,
    "p": "42626.77000000",
    "q": "0.00408000",
    "f": 3378125638,
    "l": 3378125638,
    "T": 1705531812908,
    "m": true,
    "M": true,
    "timestamp": 1705531813.1594625
  },
  {
    "e": "aggTrade",
    "E": 1705531813821,
    "s": "BTCUSDT",
    "a": 2834188221,
    "p": "42626.77000000",
    "q": "0.07037000",
    "f": 3378125640,
    "l": 3378125640,
    "T": 1705531813821,
    "m": true,
    "M": true,
    "timestamp": 1705531814.352803
  },
  {
    "e": "aggTrade",
    "E": 1705531813995,
    "s": "BTCUSDT",
    "a": 2834188223,
    "p": "42626.78000000",
    "q": "0.00074000",
    "f": 3378125642,
    "l": 3378125642,
    "T": 1705531813995,
    "m": false,
    "M": true,
    "timestamp": 1705531814.358804
  },
  {
    "e": "aggTrade",
    "E": 1705531814042,
    "s": "BTCUSDT",
    "a": 2834188225,
    "p": "42626.78000000",
    "q": "0.00032000",
    "f": 3378125644,
    "l": 3378125644,
    "T": 1705531814041,
    "m": false,
    "M": true,
    "timestamp": 1705531814.3658035
  },
  {
    "e": "aggTrade",
    "E": 1705531814944,
    "s": "BTCUSDT",
    "a": 2834188227,
    "p": "42626.77000000",
    "q": "0.00452000",
    "f": 3378125646,
    "l": 3378125646,
    "T": 1705531814944,
    "m": true,
    "M": true,
    "timestamp": 1705531815.2006917
  },
  {
    "e": "aggTrade",
    "E": 1705531815270,
    "s": "BTCUSDT",
    "a": 2834188229,
    "p": "42626.78000000",
    "q": "0.00078000",
    "f": 3378125648,
    "l": 3378125648,
    "T": 1705531815269,
    "m": false,
    "M": true,
    "timestamp": 1705531815.5245342
  },
  {
    "e": "aggTrade",
    "E": 1705531817101,
    "s": "BTCUSDT",
    "a": 2834188231,
    "p": "42626.77000000",
    "q": "0.00044000",
    "f": 3378125650,
    "l": 3378125650,
    "T": 1705531817101,
    "m": true,
    "M": true,
    "timestamp": 1705531817.3563955
  },
  {
    "e": "aggTrade",
    "E": 1705531818382,
    "s": "BTCUSDT",
    "a": 2834188233,
    "p": "42626.78000000",
    "q": "0.09033000",
    "f": 3378125652,
    "l": 3378125652,
    "T": 1705531818380,
    "m": false,
    "M": true,
    "timestamp": 1705531818.8790426
  },
  {
    "e": "aggTrade",
    "E": 1705531818475,
    "s": "BTCUSDT",
    "a": 2834188235,
    "p": "42626.78000000",
    "q": "0.00034000",
    "f": 3378125654,
    "l": 3378125654,
    "T": 1705531818474,
    "m": false,
    "M": true,
    "timestamp": 1705531818.8800433
  },
  {
    "e": "aggTrade",
    "E": 1705531819555,
    "s": "BTCUSDT",
    "a": 2834188237,
    "p": "42626.77000000",
    "q": "0.00022000",
    "f": 3378125656,
    "l": 3378125656,
    "T": 1705531819555,
    "m": true,
    "M": true,
    "timestamp": 1705531819.8139715
  },
  {
    "e": "aggTrade",
    "E": 1705531819933,
    "s": "BTCUSDT",
    "a": 2834188239,
    "p": "42626.78000000",
    "q": "0.00014000",
    "f": 3378125658,
    "l": 3378125658,
    "T": 1705531819933,
    "m": false,
    "M": true,
    "timestamp": 1705531820.5349824
  },
  {
    "e": "aggTrade",
    "E": 1705531820909,
    "s": "BTCUSDT",
    "a": 2834188241,
    "p": "42626.77000000",
    "q": "0.00263000",
    "f": 3378125660,
    "l": 3378125661,
    "T": 1705531820908,
    "m": true,
    "M": true,
    "timestamp": 1705531821.1702125
  },
  {
    "e": "aggTrade",
    "E": 1705531821269,
    "s": "BTCUSDT",
    "a": 2834188243,
    "p": "42626.78000000",
    "q": "0.00093000",
    "f": 3378125667,
    "l": 3378125667,
    "T": 1705531821268,
    "m": false,
    "M": true,
    "timestamp": 1705531821.5519903
  },
  {
    "e": "aggTrade",
    "E": 1705531822333,
    "s": "BTCUSDT",
    "a": 2834188245,
    "p": "42626.78000000",
    "q": "0.00013000",
    "f": 3378125669,
    "l": 3378125669,
    "T": 1705531822332,
    "m": false,
    "M": true,
    "timestamp": 1705531823.0651312
  },
  {
    "e": "aggTrade",
    "E": 1705531823537,
    "s": "BTCUSDT",
    "a": 2834188247,
    "p": "42626.78000000",
    "q": "0.00020000",
    "f": 3378125671,
    "l": 3378125671,
    "T": 1705531823537,
    "m": false,
    "M": true,
    "timestamp": 1705531823.7965446
  },
  {
    "e": "aggTrade",
    "E": 1705531824199,
    "s": "BTCUSDT",
    "a": 2834188249,
    "p": "42626.77000000",
    "q": "0.00100000",
    "f": 3378125673,
    "l": 3378125673,
    "T": 1705531824198,
    "m": true,
    "M": true,
    "timestamp": 1705531824.4548843
  },
  {
    "e": "aggTrade",
    "E": 1705531825283,
    "s": "BTCUSDT",
    "a": 2834188251,
    "p": "42626.77000000",
    "q": "0.00631000",
    "f": 3378125675,
    "l": 3378125675,
    "T": 1705531825280,
    "m": true,
    "M": true,
    "timestamp": 1705531825.7295284
  },
  {
    "e": "aggTrade",
    "E": 1705531826065,
    "s": "BTCUSDT",
    "a": 2834188253,
    "p": "42626.77000000",
    "q": "0.02985000",
    "f": 3378125677,
    "l": 3378125678,
    "T": 1705531826064,
    "m": true,
    "M": true,
    "timestamp": 1705531826.4343138
  },
  {
    "e": "aggTrade",
    "E": 1705531827257,
    "s": "BTCUSDT",
    "a": 2834188255,
    "p": "42626.78000000",
    "q": "0.04855000",
    "f": 3378125680,
    "l": 3378125680,
    "T": 1705531827256,
    "m": false,
    "M": true,
    "timestamp": 1705531827.5139642
  },
  {
    "e": "aggTrade",
    "E": 1705531827779,
    "s": "BTCUSDT",
    "a": 2834188257,
    "p": "42626.78000000",
    "q": "0.00212000",
    "f": 3378125682,
    "l": 3378125682,
    "T": 1705531827778,
    "m": false,
    "M": true,
    "timestamp": 1705531828.030187
  },
  {
    "e": "aggTrade",
    "E": 1705531828014,
    "s": "BTCUSDT",
    "a": 2834188259,
    "p": "42626.77000000",
    "q": "0.00046000",
    "f": 3378125684,
    "l": 3378125684,
    "T": 1705531828013,
    "m": true,
    "M": true,
    "timestamp": 1705531828.2681532
  },
  {
    "e": "aggTrade",
    "E": 1705531831862,
    "s": "BTCUSDT",
    "a": 2834188261,
    "p": "42626.78000000",
    "q": "0.00046000",
    "f": 3378125686,
    "l": 3378125686,
    "T": 1705531831862,
    "m": false,
    "M": true,
    "timestamp": 1705531832.3758016
  },
  {
    "e": "aggTrade",
    "E": 1705531832597,
    "s": "BTCUSDT",
    "a": 2834188263,
    "p": "42626.77000000",
    "q": "0.00076000",
    "f": 3378125688,
    "l": 3378125688,
    "T": 1705531832596,
    "m": true,
    "M": true,
    "timestamp": 1705531832.8636837
  },
  {
    "e": "aggTrade",
    "E": 1705531832848,
    "s": "BTCUSDT",
    "a": 2834188265,
    "p": "42626.78000000",
    "q": "0.19000000",
    "f": 3378125691,
    "l": 3378125697,
    "T": 1705531832846,
    "m": false,
    "M": true,
    "timestamp": 1705531833.1046724
  },
  {
    "e": "aggTrade",
    "E": 1705531833118,
    "s": "BTCUSDT",
    "a": 2834188267,
    "p": "42626.78000000",
    "q": "0.00109000",
    "f": 3378125703,
    "l": 3378125703,
    "T": 1705531833118,
    "m": false,
    "M": true,
    "timestamp": 1705531833.3820584
  },
  {
    "e": "aggTrade",
    "E": 1705531834255,
    "s": "BTCUSDT",
    "a": 2834188269,
    "p": "42626.77000000",
    "q": "0.00149000",
    "f": 3378125708,
    "l": 3378125708,
    "T": 1705531834255,
    "m": true,
    "M": true,
    "timestamp": 1705531834.8247826
  },
  {
    "e": "aggTrade",
    "E": 1705531835370,
    "s": "BTCUSDT",
    "a": 2834188271,
    "p": "42626.78000000",
    "q": "0.00038000",
    "f": 3378125710,
    "l": 3378125710,
    "T": 1705531835369,
    "m": false,
    "M": true,
    "timestamp": 1705531835.6894445
  },
  {
    "e": "aggTrade",
    "E": 1705531836617,
    "s": "BTCUSDT",
    "a": 2834188273,
    "p": "42626.77000000",
    "q": "0.00052000",
    "f": 3378125712,
    "l": 3378125712,
    "T": 1705531836617,
    "m": true,
    "M": true,
    "timestamp": 1705531836.8730087
  },
  {
    "e": "aggTrade",
    "E": 1705531837355,
    "s": "BTCUSDT",
    "a": 2834188275,
    "p": "42626.78000000",
    "q": "0.01699000",
    "f": 3378125719,
    "l": 3378125719,
    "T": 1705531837354,
    "m": false,
    "M": true,
    "timestamp": 1705531838.8672452
  },
  {
    "e": "aggTrade",
    "E": 1705531837356,
    "s": "BTCUSDT",
    "a": 2834188277,
    "p": "42626.78000000",
    "q": "0.00071000",
    "f": 3378125721,
    "l": 3378125721,
    "T": 1705531837355,
    "m": false,
    "M": true,
    "timestamp": 1705531838.8712115
  },
  {
    "e": "aggTrade",
    "E": 1705531837386,
    "s": "BTCUSDT",
    "a": 2834188279,
    "p": "42626.78000000",
    "q": "0.04961000",
    "f": 3378125723,
    "l": 3378125723,
    "T": 1705531837385,
    "m": false,
    "M": true,
    "timestamp": 1705531838.878215
  },
  {
    "e": "aggTrade",
    "E": 1705531838239,
    "s": "BTCUSDT",
    "a": 2834188281,
    "p": "42626.78000000",
    "q": "0.00110000",
    "f": 3378125725,
    "l": 3378125725,
    "T": 1705531838239,
    "m": false,
    "M": true,
    "timestamp": 1705531838.885217
  },
  {
    "e": "aggTrade",
    "E": 1705531840637,
    "s": "BTCUSDT",
    "a": 2834188283,
    "p": "42626.78000000",
    "q": "0.00225000",
    "f": 3378125727,
    "l": 3378125727,
    "T": 1705531840636,
    "m": false,
    "M": true,
    "timestamp": 1705531841.014378
  },
  {
    "e": "aggTrade",
    "E": 1705531842633,
    "s": "BTCUSDT",
    "a": 2834188285,
    "p": "42626.77000000",
    "q": "0.00242000",
    "f": 3378125729,
    "l": 3378125729,
    "T": 1705531842632,
    "m": true,
    "M": true,
    "timestamp": 1705531842.8904498
  },
  {
    "e": "aggTrade",
    "E": 1705531844288,
    "s": "BTCUSDT",
    "a": 2834188287,
    "p": "42626.77000000",
    "q": "0.00906000",
    "f": 3378125731,
    "l": 3378125731,
    "T": 1705531844287,
    "m": true,
    "M": true,
    "timestamp": 1705531844.7744772
  },
  {
    "e": "aggTrade",
    "E": 1705531844979,
    "s": "BTCUSDT",
    "a": 2834188289,
    "p": "42626.77000000",
    "q": "0.00121000",
    "f": 3378125733,
    "l": 3378125733,
    "T": 1705531844978,
    "m": true,
    "M": true,
    "timestamp": 1705531846.0015829
  },
  {
    "e": "aggTrade",
    "E": 1705531845972,
    "s": "BTCUSDT",
    "a": 2834188291,
    "p": "42626.77000000",
    "q": "0.02348000",
    "f": 3378125735,
    "l": 3378125737,
    "T": 1705531845971,
    "m": true,
    "M": true,
    "timestamp": 1705531846.2328458
  },
  {
    "e": "aggTrade",
    "E": 1705531847299,
    "s": "BTCUSDT",
    "a": 2834188293,
    "p": "42626.78000000",
    "q": "0.00478000",
    "f": 3378125739,
    "l": 3378125739,
    "T": 1705531847298,
    "m": false,
    "M": true,
    "timestamp": 1705531847.5524962
  },
  {
    "e": "aggTrade",
    "E": 1705531848269,
    "s": "BTCUSDT",
    "a": 2834188295,
    "p": "42626.77000000",
    "q": "0.00028000",
    "f": 3378125743,
    "l": 3378125743,
    "T": 1705531848269,
    "m": true,
    "M": true,
    "timestamp": 1705531848.6631172
  },
  {
    "e": "aggTrade",
    "E": 1705531848303,
    "s": "BTCUSDT",
    "a": 2834188297,
    "p": "42626.80000000",
    "q": "0.00046000",
    "f": 3378125749,
    "l": 3378125749,
    "T": 1705531848298,
    "m": false,
    "M": true,
    "timestamp": 1705531848.665145
  },
  {
    "e": "aggTrade",
    "E": 1705531848303,
    "s": "BTCUSDT",
    "a": 2834188299,
    "p": "42627.22000000",
    "q": "0.37568000",
    "f": 3378125751,
    "l": 3378125752,
    "T": 1705531848298,
    "m": false,
    "M": true,
    "timestamp": 1705531848.672145
  },
  {
    "e": "aggTrade",
    "E": 1705531848303,
    "s": "BTCUSDT",
    "a": 2834188301,
    "p": "42627.59000000",
    "q": "0.00043000",
    "f": 3378125754,
    "l": 3378125754,
    "T": 1705531848298,
    "m": false,
    "M": true,
    "timestamp": 1705531848.6791143
  },
  {
    "e": "aggTrade",
    "E": 1705531848303,
    "s": "BTCUSDT",
    "a": 2834188303,
    "p": "42628.13000000",
    "q": "0.00043000",
    "f": 3378125756,
    "l": 3378125756,
    "T": 1705531848298,
    "m": false,
    "M": true,
    "timestamp": 1705531848.6861453
  },
  {
    "e": "aggTrade",
    "E": 1705531848303,
    "s": "BTCUSDT",
    "a": 2834188305,
    "p": "42628.67000000",
    "q": "0.00043000",
    "f": 3378125758,
    "l": 3378125758,
    "T": 1705531848298,
    "m": false,
    "M": true,
    "timestamp": 1705531848.6931446
  },
  {
    "e": "aggTrade",
    "E": 1705531848303,
    "s": "BTCUSDT",
    "a": 2834188307,
    "p": "42628.94000000",
    "q": "0.00043000",
    "f": 3378125760,
    "l": 3378125760,
    "T": 1705531848298,
    "m": false,
    "M": true,
    "timestamp": 1705531848.7001445
  },
  {
    "e": "aggTrade",
    "E": 1705531848303,
    "s": "BTCUSDT",
    "a": 2834188309,
    "p": "42629.21000000",
    "q": "0.00147000",
    "f": 3378125762,
    "l": 3378125763,
    "T": 1705531848298,
    "m": false,
    "M": true,
    "timestamp": 1705531849.6799116
  },
  {
    "e": "aggTrade",
    "E": 1705531848303,
    "s": "BTCUSDT",
    "a": 2834188311,
    "p": "42629.48000000",
    "q": "0.00043000",
    "f": 3378125765,
    "l": 3378125765,
    "T": 1705531848298,
    "m": false,
    "M": true,
    "timestamp": 1705531849.6819386
  },
  {
    "e": "aggTrade",
    "E": 1705531848303,
    "s": "BTCUSDT",
    "a": 2834188313,
    "p": "42630.00000000",
    "q": "0.03150000",
    "f": 3378125767,
    "l": 3378125771,
    "T": 1705531848298,
    "m": false,
    "M": true,
    "timestamp": 1705531849.6899388
  },
  {
    "e": "aggTrade",
    "E": 1705531848303,
    "s": "BTCUSDT",
    "a": 2834188315,
    "p": "42630.29000000",
    "q": "0.00043000",
    "f": 3378125773,
    "l": 3378125773,
    "T": 1705531848298,
    "m": false,
    "M": true,
    "timestamp": 1705531849.6969066
  },
  {
    "e": "aggTrade",
    "E": 1705531848303,
    "s": "BTCUSDT",
    "a": 2834188317,
    "p": "42630.56000000",
    "q": "0.00043000",
    "f": 3378125775,
    "l": 3378125775,
    "T": 1705531848298,
    "m": false,
    "M": true,
    "timestamp": 1705531849.7039382
  },
  {
    "e": "aggTrade",
    "E": 1705531848303,
    "s": "BTCUSDT",
    "a": 2834188319,
    "p": "42631.10000000",
    "q": "0.07080000",
    "f": 3378125777,
    "l": 3378125778,
    "T": 1705531848298,
    "m": false,
    "M": true,
    "timestamp": 1705531849.7119384
  },
  {
    "e": "aggTrade",
    "E": 1705531848303,
    "s": "BTCUSDT",
    "a": 2834188321,
    "p": "42631.31000000",
    "q": "0.00021000",
    "f": 3378125780,
    "l": 3378125780,
    "T": 1705531848298,
    "m": false,
    "M": true,
    "timestamp": 1705531849.718938
  },
  {
    "e": "aggTrade",
    "E": 1705531848303,
    "s": "BTCUSDT",
    "a": 2834188323,
    "p": "42631.38000000",
    "q": "0.00048000",
    "f": 3378125782,
    "l": 3378125782,
    "T": 1705531848298,
    "m": false,
    "M": true,
    "timestamp": 1705531849.9742177
  },
  {
    "e": "aggTrade",
    "E": 1705531848303,
    "s": "BTCUSDT",
    "a": 2834188325,
    "p": "42631.69000000",
    "q": "0.00017000",
    "f": 3378125784,
    "l": 3378125784,
    "T": 1705531848298,
    "m": false,
    "M": true,
    "timestamp": 1705531849.9772484
  },
  {
    "e": "aggTrade",
    "E": 1705531848303,
    "s": "BTCUSDT",
    "a": 2834188327,
    "p": "42631.82000000",
    "q": "0.00025000",
    "f": 3378125787,
    "l": 3378125787,
    "T": 1705531848298,
    "m": false,
    "M": true,
    "timestamp": 1705531849.984217
  },
  {
    "e": "aggTrade",
    "E": 1705531848303,
    "s": "BTCUSDT",
    "a": 2834188329,
    "p": "42632.18000000",
    "q": "0.00043000",
    "f": 3378125789,
    "l": 3378125789,
    "T": 1705531848298,
    "m": false,
    "M": true,
    "timestamp": 1705531849.993219
  },
  {
    "e": "aggTrade",
    "E": 1705531848303,
    "s": "BTCUSDT",
    "a": 2834188331,
    "p": "42632.45000000",
    "q": "0.00043000",
    "f": 3378125792,
    "l": 3378125792,
    "T": 1705531848298,
    "m": false,
    "M": true,
    "timestamp": 1705531850.0012476
  },
  {
    "e": "aggTrade",
    "E": 1705531848303,
    "s": "BTCUSDT",
    "a": 2834188333,
    "p": "42632.62000000",
    "q": "0.00012000",
    "f": 3378125794,
    "l": 3378125794,
    "T": 1705531848298,
    "m": false,
    "M": true,
    "timestamp": 1705531850.0092516
  },
  {
    "e": "aggTrade",
    "E": 1705531848303,
    "s": "BTCUSDT",
    "a": 2834188335,
    "p": "42632.84000000",
    "q": "0.08224000",
    "f": 3378125796,
    "l": 3378125796,
    "T": 1705531848298,
    "m": false,
    "M": true,
    "timestamp": 1705531850.018218
  },
  {
    "e": "aggTrade",
    "E": 1705531848303,
    "s": "BTCUSDT",
    "a": 2834188337,
    "p": "42633.05000000",
    "q": "0.00036000",
    "f": 3378125798,
    "l": 3378125798,
    "T": 1705531848298,
    "m": false,
    "M": true,
    "timestamp": 1705531850.0262487
  },
  {
    "e": "aggTrade",
    "E": 1705531848303,
    "s": "BTCUSDT",
    "a": 2834188339,
    "p": "42633.57000000",
    "q": "0.00034000",
    "f": 3378125800,
    "l": 3378125800,
    "T": 1705531848298,
    "m": false,
    "M": true,
    "timestamp": 1705531850.035248
  },
  {
    "e": "aggTrade",
    "E": 1705531848303,
    "s": "BTCUSDT",
    "a": 2834188341,
    "p": "42633.77000000",
    "q": "0.21638000",
    "f": 3378125803,
    "l": 3378125803,
    "T": 1705531848298,
    "m": false,
    "M": true,
    "timestamp": 1705531850.049248
  },
  {
    "e": "aggTrade",
    "E": 1705531848303,
    "s": "BTCUSDT",
    "a": 2834188343,
    "p": "42634.05000000",
    "q": "0.02021000",
    "f": 3378125805,
    "l": 3378125806,
    "T": 1705531848298,
    "m": false,
    "M": true,
    "timestamp": 1705531850.0572484
  },
  {
    "e": "aggTrade",
    "E": 1705531848303,
    "s": "BTCUSDT",
    "a": 2834188345,
    "p": "42634.16000000",
    "q": "0.03000000",
    "f": 3378125808,
    "l": 3378125809,
    "T": 1705531848298,
    "m": false,
    "M": true,
    "timestamp": 1705531850.0672483
  },
  {
    "e": "aggTrade",
    "E": 1705531848303,
    "s": "BTCUSDT",
    "a": 2834188347,
    "p": "42634.65000000",
    "q": "0.00051000",
    "f": 3378125814,
    "l": 3378125814,
    "T": 1705531848298,
    "m": false,
    "M": true,
    "timestamp": 1705531850.0752478
  },
  {
    "e": "aggTrade",
    "E": 1705531848303,
    "s": "BTCUSDT",
    "a": 2834188349,
    "p": "42634.89000000",
    "q": "0.00022000",
    "f": 3378125816,
    "l": 3378125816,
    "T": 1705531848298,
    "m": false,
    "M": true,
    "timestamp": 1705531850.0832555
  },
  {
    "e": "aggTrade",
    "E": 1705531848303,
    "s": "BTCUSDT",
    "a": 2834188351,
    "p": "42635.02000000",
    "q": "0.00013000",
    "f": 3378125818,
    "l": 3378125818,
    "T": 1705531848298,
    "m": false,
    "M": true,
    "timestamp": 1705531850.0922198
  },
  {
    "e": "aggTrade",
    "E": 1705531848303,
    "s": "BTCUSDT",
    "a": 2834188353,
    "p": "42635.40000000",
    "q": "0.01200000",
    "f": 3378125820,
    "l": 3378125820,
    "T": 1705531848298,
    "m": false,
    "M": true,
    "timestamp": 1705531850.2703617
  },
  {
    "e": "aggTrade",
    "E": 1705531848303,
    "s": "BTCUSDT",
    "a": 2834188355,
    "p": "42635.63000000",
    "q": "0.00690000",
    "f": 3378125822,
    "l": 3378125822,
    "T": 1705531848298,
    "m": false,
    "M": true,
    "timestamp": 1705531850.2733939
  },
  {
    "e": "aggTrade",
    "E": 1705531848303,
    "s": "BTCUSDT",
    "a": 2834188357,
    "p": "42635.85000000",
    "q": "0.00019000",
    "f": 3378125824,
    "l": 3378125824,
    "T": 1705531848298,
    "m": false,
    "M": true,
    "timestamp": 1705531850.2833624
  },
  {
    "e": "aggTrade",
    "E": 1705531848303,
    "s": "BTCUSDT",
    "a": 2834188359,
    "p": "42636.49000000",
    "q": "0.00743000",
    "f": 3378125829,
    "l": 3378125829,
    "T": 1705531848298,
    "m": false,
    "M": true,
    "timestamp": 1705531850.2933614
  },
  {
    "e": "aggTrade",
    "E": 1705531848303,
    "s": "BTCUSDT",
    "a": 2834188361,
    "p": "42636.64000000",
    "q": "0.37560000",
    "f": 3378125831,
    "l": 3378125831,
    "T": 1705531848298,
    "m": false,
    "M": true,
    "timestamp": 1705531850.303393
  },
  {
    "e": "aggTrade",
    "E": 1705531848303,
    "s": "BTCUSDT",
    "a": 2834188363,
    "p": "42636.69000000",
    "q": "0.00026000",
    "f": 3378125833,
    "l": 3378125833,
    "T": 1705531848298,
    "m": false,
    "M": true,
    "timestamp": 1705531850.3113613
  },
  {
    "e": "aggTrade",
    "E": 1705531848303,
    "s": "BTCUSDT",
    "a": 2834188365,
    "p": "42636.79000000",
    "q": "0.00015000",
    "f": 3378125835,
    "l": 3378125835,
    "T": 1705531848298,
    "m": false,
    "M": true,
    "timestamp": 1705531850.321361
  },
  {
    "e": "aggTrade",
    "E": 1705531848303,
    "s": "BTCUSDT",
    "a": 2834188367,
    "p": "42636.83000000",
    "q": "0.37560000",
    "f": 3378125839,
    "l": 3378125839,
    "T": 1705531848298,
    "m": false,
    "M": true,
    "timestamp": 1705531850.3303611
  },
  {
    "e": "aggTrade",
    "E": 1705531848303,
    "s": "BTCUSDT",
    "a": 2834188369,
    "p": "42637.06000000",
    "q": "0.00019000",
    "f": 3378125841,
    "l": 3378125841,
    "T": 1705531848298,
    "m": false,
    "M": true,
    "timestamp": 1705531850.338361
  },
  {
    "e": "aggTrade",
    "E": 1705531848303,
    "s": "BTCUSDT",
    "a": 2834188371,
    "p": "42637.32000000",
    "q": "0.20819000",
    "f": 3378125843,
    "l": 3378125843,
    "T": 1705531848298,
    "m": false,
    "M": true,
    "timestamp": 1705531850.346361
  },
  {
    "e": "aggTrade",
    "E": 1705531848303,
    "s": "BTCUSDT",
    "a": 2834188373,
    "p": "42637.37000000",
    "q": "0.00015000",
    "f": 3378125845,
    "l": 3378125845,
    "T": 1705531848298,
    "m": false,
    "M": true,
    "timestamp": 1705531850.3553922
  },
  {
    "e": "aggTrade",
    "E": 1705531848303,
    "s": "BTCUSDT",
    "a": 2834188375,
    "p": "42637.71000000",
    "q": "0.00018000",
    "f": 3378125849,
    "l": 3378125849,
    "T": 1705531848298,
    "m": false,
    "M": true,
    "timestamp": 1705531850.364362
  },
  {
    "e": "aggTrade",
    "E": 1705531848303,
    "s": "BTCUSDT",
    "a": 2834188377,
    "p": "42638.12000000",
    "q": "0.34685000",
    "f": 3378125851,
    "l": 3378125851,
    "T": 1705531848298,
    "m": false,
    "M": true,
    "timestamp": 1705531850.3733609
  },
  {
    "e": "aggTrade",
    "E": 1705531848303,
    "s": "BTCUSDT",
    "a": 2834188379,
    "p": "42638.20000000",
    "q": "0.00019000",
    "f": 3378125854,
    "l": 3378125854,
    "T": 1705531848298,
    "m": false,
    "M": true,
    "timestamp": 1705531850.382382
  },
  {
    "e": "aggTrade",
    "E": 1705531848303,
    "s": "BTCUSDT",
    "a": 2834188381,
    "p": "42638.40000000",
    "q": "0.00037000",
    "f": 3378125856,
    "l": 3378125857,
    "T": 1705531848298,
    "m": false,
    "M": true,
    "timestamp": 1705531850.3913612
  },
  {
    "e": "aggTrade",
    "E": 1705531848303,
    "s": "BTCUSDT",
    "a": 2834188383,
    "p": "42639.00000000",
    "q": "0.00015000",
    "f": 3378125859,
    "l": 3378125859,
    "T": 1705531848298,
    "m": false,
    "M": true,
    "timestamp": 1705531850.4003613
  },
  {
    "e": "aggTrade",
    "E": 1705531848303,
    "s": "BTCUSDT",
    "a": 2834188385,
    "p": "42639.05000000",
    "q": "0.00013000",
    "f": 3378125862,
    "l": 3378125862,
    "T": 1705531848298,
    "m": false,
    "M": true,
    "timestamp": 1705531850.4097846
  },
  {
    "e": "aggTrade",
    "E": 1705531848303,
    "s": "BTCUSDT",
    "a": 2834188387,
    "p": "42639.34000000",
    "q": "0.00034000",
    "f": 3378125864,
    "l": 3378125864,
    "T": 1705531848298,
    "m": false,
    "M": true,
    "timestamp": 1705531850.4203174
  },
  {
    "e": "aggTrade",
    "E": 1705531848303,
    "s": "BTCUSDT",
    "a": 2834188389,
    "p": "42639.63000000",
    "q": "0.00014000",
    "f": 3378125866,
    "l": 3378125866,
    "T": 1705531848298,
    "m": false,
    "M": true,
    "timestamp": 1705531850.4293172
  },
  {
    "e": "aggTrade",
    "E": 1705531848303,
    "s": "BTCUSDT",
    "a": 2834188391,
    "p": "42639.94000000",
    "q": "0.00025000",
    "f": 3378125868,
    "l": 3378125868,
    "T": 1705531848298,
    "m": false,
    "M": true,
    "timestamp": 1705531850.4393175
  },
  {
    "e": "aggTrade",
    "E": 1705531848303,
    "s": "BTCUSDT",
    "a": 2834188393,
    "p": "42640.00000000",
    "q": "0.03396000",
    "f": 3378125871,
    "l": 3378125881,
    "T": 1705531848298,
    "m": false,
    "M": true,
    "timestamp": 1705531850.4483173
  },
  {
    "e": "aggTrade",
    "E": 1705531848386,
    "s": "BTCUSDT",
    "a": 2834188395,
    "p": "42635.31000000",
    "q": "0.13985000",
    "f": 3378125883,
    "l": 3378125884,
    "T": 1705531848385,
    "m": false,
    "M": true,
    "timestamp": 1705531850.457317
  },
  {
    "e": "aggTrade",
    "E": 1705531848386,
    "s": "BTCUSDT",
    "a": 2834188397,
    "p": "42635.74000000",
    "q": "0.64148000",
    "f": 3378125886,
    "l": 3378125886,
    "T": 1705531848385,
    "m": false,
    "M": true,
    "timestamp": 1705531850.4673176
  },
  {
    "e": "aggTrade",
    "E": 1705531848977,
    "s": "BTCUSDT",
    "a": 2834188399,
    "p": "42635.75000000",
    "q": "0.06136000",
    "f": 3378125889,
    "l": 3378125889,
    "T": 1705531848977,
    "m": false,
    "M": true,
    "timestamp": 1705531850.4763174
  },
  {
    "e": "aggTrade",
    "E": 1705531849624,
    "s": "BTCUSDT",
    "a": 2834188401,
    "p": "42635.75000000",
    "q": "0.00127000",
    "f": 3378125891,
    "l": 3378125891,
    "T": 1705531849624,
    "m": false,
    "M": true,
    "timestamp": 1705531850.4863172
  },
  {
    "e": "aggTrade",
    "E": 1705531849941,
    "s": "BTCUSDT",
    "a": 2834188403,
    "p": "42635.75000000",
    "q": "0.00945000",
    "f": 3378125893,
    "l": 3378125893,
    "T": 1705531849941,
    "m": false,
    "M": true,
    "timestamp": 1705531850.4968166
  },
  {
    "e": "aggTrade",
    "E": 1705531851506,
    "s": "BTCUSDT",
    "a": 2834188405,
    "p": "42635.75000000",
    "q": "0.07555000",
    "f": 3378125895,
    "l": 3378125898,
    "T": 1705531851505,
    "m": false,
    "M": true,
    "timestamp": 1705531851.763002
  },
  {
    "e": "aggTrade",
    "E": 1705531851506,
    "s": "BTCUSDT",
    "a": 2834188407,
    "p": "42636.23000000",
    "q": "0.00043000",
    "f": 3378125900,
    "l": 3378125900,
    "T": 1705531851505,
    "m": false,
    "M": true,
    "timestamp": 1705531851.769972
  },
  {
    "e": "aggTrade",
    "E": 1705531851598,
    "s": "BTCUSDT",
    "a": 2834188409,
    "p": "42636.61000000",
    "q": "0.01364000",
    "f": 3378125902,
    "l": 3378125903,
    "T": 1705531851597,
    "m": false,
    "M": true,
    "timestamp": 1705531851.854182
  },
  {
    "e": "aggTrade",
    "E": 1705531851708,
    "s": "BTCUSDT",
    "a": 2834188411,
    "p": "42636.95000000",
    "q": "0.02888000",
    "f": 3378125905,
    "l": 3378125905,
    "T": 1705531851708,
    "m": false,
    "M": true,
    "timestamp": 1705531851.9626975
  },
  {
    "e": "aggTrade",
    "E": 1705531851771,
    "s": "BTCUSDT",
    "a": 2834188413,
    "p": "42637.04000000",
    "q": "0.00043000",
    "f": 3378125907,
    "l": 3378125907,
    "T": 1705531851770,
    "m": false,
    "M": true,
    "timestamp": 1705531852.0467722
  },
  {
    "e": "aggTrade",
    "E": 1705531851771,
    "s": "BTCUSDT",
    "a": 2834188415,
    "p": "42637.58000000",
    "q": "0.00043000",
    "f": 3378125909,
    "l": 3378125909,
    "T": 1705531851770,
    "m": false,
    "M": true,
    "timestamp": 1705531852.0518124
  },
  {
    "e": "aggTrade",
    "E": 1705531851771,
    "s": "BTCUSDT",
    "a": 2834188417,
    "p": "42638.12000000",
    "q": "0.00043000",
    "f": 3378125911,
    "l": 3378125911,
    "T": 1705531851770,
    "m": false,
    "M": true,
    "timestamp": 1705531852.0617795
  },
  {
    "e": "aggTrade",
    "E": 1705531851771,
    "s": "BTCUSDT",
    "a": 2834188419,
    "p": "42638.62000000",
    "q": "0.00357000",
    "f": 3378125913,
    "l": 3378125913,
    "T": 1705531851770,
    "m": false,
    "M": true,
    "timestamp": 1705531852.0727794
  },
  {
    "e": "aggTrade",
    "E": 1705531851771,
    "s": "BTCUSDT",
    "a": 2834188421,
    "p": "42638.62000000",
    "q": "0.02346000",
    "f": 3378125915,
    "l": 3378125915,
    "T": 1705531851770,
    "m": false,
    "M": true,
    "timestamp": 1705531852.08278
  },
  {
    "e": "aggTrade",
    "E": 1705531851772,
    "s": "BTCUSDT",
    "a": 2834188423,
    "p": "42638.62000000",
    "q": "0.02346000",
    "f": 3378125917,
    "l": 3378125917,
    "T": 1705531851770,
    "m": false,
    "M": true,
    "timestamp": 1705531852.0917792
  },
  {
    "e": "aggTrade",
    "E": 1705531851772,
    "s": "BTCUSDT",
    "a": 2834188425,
    "p": "42638.62000000",
    "q": "0.06692000",
    "f": 3378125919,
    "l": 3378125919,
    "T": 1705531851771,
    "m": false,
    "M": true,
    "timestamp": 1705531852.1017792
  },
  {
    "e": "aggTrade",
    "E": 1705531851772,
    "s": "BTCUSDT",
    "a": 2834188427,
    "p": "42638.93000000",
    "q": "0.00043000",
    "f": 3378125921,
    "l": 3378125921,
    "T": 1705531851771,
    "m": false,
    "M": true,
    "timestamp": 1705531852.111521
  },
  {
    "e": "aggTrade",
    "E": 1705531851774,
    "s": "BTCUSDT",
    "a": 2834188429,
    "p": "42639.47000000",
    "q": "0.00043000",
    "f": 3378125923,
    "l": 3378125923,
    "T": 1705531851772,
    "m": false,
    "M": true,
    "timestamp": 1705531852.1214876
  },
  {
    "e": "aggTrade",
    "E": 1705531851774,
    "s": "BTCUSDT",
    "a": 2834188431,
    "p": "42639.81000000",
    "q": "0.00699000",
    "f": 3378125925,
    "l": 3378125925,
    "T": 1705531851772,
    "m": false,
    "M": true,
    "timestamp": 1705531852.1325037
  },
  {
    "e": "aggTrade",
    "E": 1705531851774,
    "s": "BTCUSDT",
    "a": 2834188433,
    "p": "42640.03000000",
    "q": "0.00258000",
    "f": 3378125927,
    "l": 3378125927,
    "T": 1705531851772,
    "m": false,
    "M": true,
    "timestamp": 1705531852.144489
  },
  {
    "e": "aggTrade",
    "E": 1705531851774,
    "s": "BTCUSDT",
    "a": 2834188435,
    "p": "42640.27000000",
    "q": "0.00526000",
    "f": 3378125929,
    "l": 3378125929,
    "T": 1705531851772,
    "m": false,
    "M": true,
    "timestamp": 1705531852.1674886
  },
  {
    "e": "aggTrade",
    "E": 1705531851774,
    "s": "BTCUSDT",
    "a": 2834188437,
    "p": "42640.53000000",
    "q": "0.00020000",
    "f": 3378125931,
    "l": 3378125931,
    "T": 1705531851772,
    "m": false,
    "M": true,
    "timestamp": 1705531852.1775196
  },
  {
    "e": "aggTrade",
    "E": 1705531851774,
    "s": "BTCUSDT",
    "a": 2834188439,
    "p": "42640.70000000",
    "q": "0.00074000",
    "f": 3378125933,
    "l": 3378125933,
    "T": 1705531851772,
    "m": false,
    "M": true,
    "timestamp": 1705531852.188517
  },
  {
    "e": "aggTrade",
    "E": 1705531851774,
    "s": "BTCUSDT",
    "a": 2834188441,
    "p": "42640.96000000",
    "q": "0.00574000",
    "f": 3378125935,
    "l": 3378125935,
    "T": 1705531851772,
    "m": false,
    "M": true,
    "timestamp": 1705531852.208517
  },
  {
    "e": "aggTrade",
    "E": 1705531851774,
    "s": "BTCUSDT",
    "a": 2834188443,
    "p": "42641.10000000",
    "q": "0.06987000",
    "f": 3378125937,
    "l": 3378125937,
    "T": 1705531851772,
    "m": false,
    "M": true,
    "timestamp": 1705531852.2185166
  },
  {
    "e": "aggTrade",
    "E": 1705531851775,
    "s": "BTCUSDT",
    "a": 2834188445,
    "p": "42641.18000000",
    "q": "0.00101000",
    "f": 3378125939,
    "l": 3378125940,
    "T": 1705531851772,
    "m": false,
    "M": true,
    "timestamp": 1705531852.2285187
  },
  {
    "e": "aggTrade",
    "E": 1705531851775,
    "s": "BTCUSDT",
    "a": 2834188447,
    "p": "42641.36000000",
    "q": "0.00043000",
    "f": 3378125945,
    "l": 3378125945,
    "T": 1705531851772,
    "m": false,
    "M": true,
    "timestamp": 1705531852.2394886
  },
  {
    "e": "aggTrade",
    "E": 1705531851775,
    "s": "BTCUSDT",
    "a": 2834188449,
    "p": "42641.65000000",
    "q": "0.00012000",
    "f": 3378125947,
    "l": 3378125947,
    "T": 1705531851772,
    "m": false,
    "M": true,
    "timestamp": 1705531852.2485213
  },
  {
    "e": "aggTrade",
    "E": 1705531851775,
    "s": "BTCUSDT",
    "a": 2834188451,
    "p": "42641.77000000",
    "q": "0.00013000",
    "f": 3378125950,
    "l": 3378125950,
    "T": 1705531851772,
    "m": false,
    "M": true,
    "timestamp": 1705531852.258518
  },
  {
    "e": "aggTrade",
    "E": 1705531851775,
    "s": "BTCUSDT",
    "a": 2834188453,
    "p": "42641.90000000",
    "q": "0.00092000",
    "f": 3378125952,
    "l": 3378125953,
    "T": 1705531851772,
    "m": false,
    "M": true,
    "timestamp": 1705531852.2685182
  },
  {
    "e": "aggTrade",
    "E": 1705531851775,
    "s": "BTCUSDT",
    "a": 2834188455,
    "p": "42642.10000000",
    "q": "0.00096000",
    "f": 3378125955,
    "l": 3378125955,
    "T": 1705531851772,
    "m": false,
    "M": true,
    "timestamp": 1705531852.2785215
  },
  {
    "e": "aggTrade",
    "E": 1705531851775,
    "s": "BTCUSDT",
    "a": 2834188457,
    "p": "42642.17000000",
    "q": "0.00043000",
    "f": 3378125957,
    "l": 3378125957,
    "T": 1705531851772,
    "m": false,
    "M": true,
    "timestamp": 1705531852.2895195
  },
  {
    "e": "aggTrade",
    "E": 1705531851775,
    "s": "BTCUSDT",
    "a": 2834188459,
    "p": "42642.61000000",
    "q": "0.00012000",
    "f": 3378125959,
    "l": 3378125959,
    "T": 1705531851772,
    "m": false,
    "M": true,
    "timestamp": 1705531852.2995188
  },
  {
    "e": "aggTrade",
    "E": 1705531851775,
    "s": "BTCUSDT",
    "a": 2834188461,
    "p": "42642.72000000",
    "q": "0.00012000",
    "f": 3378125961,
    "l": 3378125961,
    "T": 1705531851772,
    "m": false,
    "M": true,
    "timestamp": 1705531852.308519
  },
  {
    "e": "aggTrade",
    "E": 1705531851775,
    "s": "BTCUSDT",
    "a": 2834188463,
    "p": "42642.85000000",
    "q": "0.00014000",
    "f": 3378125963,
    "l": 3378125963,
    "T": 1705531851772,
    "m": false,
    "M": true,
    "timestamp": 1705531852.3185182
  },
  {
    "e": "aggTrade",
    "E": 1705531851775,
    "s": "BTCUSDT",
    "a": 2834188465,
    "p": "42642.98000000",
    "q": "0.00043000",
    "f": 3378125965,
    "l": 3378125965,
    "T": 1705531851772,
    "m": false,
    "M": true,
    "timestamp": 1705531852.3295193
  },
  {
    "e": "aggTrade",
    "E": 1705531851775,
    "s": "BTCUSDT",
    "a": 2834188467,
    "p": "42643.13000000",
    "q": "0.00012000",
    "f": 3378125967,
    "l": 3378125967,
    "T": 1705531851772,
    "m": false,
    "M": true,
    "timestamp": 1705531852.3395188
  },
  {
    "e": "aggTrade",
    "E": 1705531851775,
    "s": "BTCUSDT",
    "a": 2834188469,
    "p": "42643.25000000",
    "q": "0.00071000",
    "f": 3378125969,
    "l": 3378125971,
    "T": 1705531851772,
    "m": false,
    "M": true,
    "timestamp": 1705531852.3505187
  },
  {
    "e": "aggTrade",
    "E": 1705531851775,
    "s": "BTCUSDT",
    "a": 2834188471,
    "p": "42643.42000000",
    "q": "0.00206000",
    "f": 3378125973,
    "l": 3378125973,
    "T": 1705531851772,
    "m": false,
    "M": true,
    "timestamp": 1705531852.361518
  },
  {
    "e": "aggTrade",
    "E": 1705531851775,
    "s": "BTCUSDT",
    "a": 2834188473,
    "p": "42643.52000000",
    "q": "0.00043000",
    "f": 3378125975,
    "l": 3378125975,
    "T": 1705531851772,
    "m": false,
    "M": true,
    "timestamp": 1705531852.3705187
  },
  {
    "e": "aggTrade",
    "E": 1705531851775,
    "s": "BTCUSDT",
    "a": 2834188475,
    "p": "42643.90000000",
    "q": "0.00056000",
    "f": 3378125977,
    "l": 3378125978,
    "T": 1705531851772,
    "m": false,
    "M": true,
    "timestamp": 1705531852.3855314
  },
  {
    "e": "aggTrade",
    "E": 1705531851775,
    "s": "BTCUSDT",
    "a": 2834188477,
    "p": "42643.94000000",
    "q": "0.04502000",
    "f": 3378125980,
    "l": 3378125980,
    "T": 1705531851772,
    "m": false,
    "M": true,
    "timestamp": 1705531852.3944883
  },
  {
    "e": "aggTrade",
    "E": 1705531851803,
    "s": "BTCUSDT",
    "a": 2834188479,
    "p": "42644.06000000",
    "q": "0.00232000",
    "f": 3378125982,
    "l": 3378125983,
    "T": 1705531851800,
    "m": false,
    "M": true,
    "timestamp": 1705531852.4045184
  },
  {
    "e": "aggTrade",
    "E": 1705531851899,
    "s": "BTCUSDT",
    "a": 2834188481,
    "p": "42644.16000000",
    "q": "0.08000000",
    "f": 3378125985,
    "l": 3378125985,
    "T": 1705531851898,
    "m": false,
    "M": true,
    "timestamp": 1705531852.4135182
  },
  {
    "e": "aggTrade",
    "E": 1705531851909,
    "s": "BTCUSDT",
    "a": 2834188483,
    "p": "42644.23000000",
    "q": "0.00582000",
    "f": 3378125987,
    "l": 3378125987,
    "T": 1705531851908,
    "m": false,
    "M": true,
    "timestamp": 1705531852.4245243
  },
  {
    "e": "aggTrade",
    "E": 1705531852108,
    "s": "BTCUSDT",
    "a": 2834188485,
    "p": "42644.23000000",
    "q": "0.03472000",
    "f": 3378125989,
    "l": 3378125989,
    "T": 1705531852108,
    "m": false,
    "M": true,
    "timestamp": 1705531852.434518
  },
  {
    "e": "aggTrade",
    "E": 1705531852470,
    "s": "BTCUSDT",
    "a": 2834188487,
    "p": "42644.23000000",
    "q": "0.00095000",
    "f": 3378125991,
    "l": 3378125991,
    "T": 1705531852470,
    "m": false,
    "M": true,
    "timestamp": 1705531852.8744652
  },
  {
    "e": "aggTrade",
    "E": 1705531852547,
    "s": "BTCUSDT",
    "a": 2834188489,
    "p": "42644.23000000",
    "q": "0.15456000",
    "f": 3378125993,
    "l": 3378125997,
    "T": 1705531852546,
    "m": false,
    "M": true,
    "timestamp": 1705531852.8794975
  },
  {
    "e": "aggTrade",
    "E": 1705531853099,
    "s": "BTCUSDT",
    "a": 2834188491,
    "p": "42644.33000000",
    "q": "0.22705000",
    "f": 3378125999,
    "l": 3378126005,
    "T": 1705531853098,
    "m": false,
    "M": true,
    "timestamp": 1705531853.4686594
  },
  {
    "e": "aggTrade",
    "E": 1705531853102,
    "s": "BTCUSDT",
    "a": 2834188493,
    "p": "42644.66000000",
    "q": "0.00022000",
    "f": 3378126007,
    "l": 3378126007,
    "T": 1705531853101,
    "m": false,
    "M": true,
    "timestamp": 1705531853.4896414
  },
  {
    "e": "aggTrade",
    "E": 1705531853102,
    "s": "BTCUSDT",
    "a": 2834188495,
    "p": "42644.82000000",
    "q": "0.00114000",
    "f": 3378126010,
    "l": 3378126014,
    "T": 1705531853101,
    "m": false,
    "M": true,
    "timestamp": 1705531853.503627
  },
  {
    "e": "aggTrade",
    "E": 1705531853102,
    "s": "BTCUSDT",
    "a": 2834188497,
    "p": "42645.18000000",
    "q": "0.00032000",
    "f": 3378126016,
    "l": 3378126017,
    "T": 1705531853101,
    "m": false,
    "M": true,
    "timestamp": 1705531853.5145953
  },
  {
    "e": "aggTrade",
    "E": 1705531853436,
    "s": "BTCUSDT",
    "a": 2834188499,
    "p": "42645.47000000",
    "q": "0.00492000",
    "f": 3378126019,
    "l": 3378126020,
    "T": 1705531853435,
    "m": false,
    "M": true,
    "timestamp": 1705531853.6901443
  },
  {
    "e": "aggTrade",
    "E": 1705531853502,
    "s": "BTCUSDT",
    "a": 2834188501,
    "p": "42645.47000000",
    "q": "0.12011000",
    "f": 3378126023,
    "l": 3378126027,
    "T": 1705531853500,
    "m": false,
    "M": true,
    "timestamp": 1705531853.753799
  },
  {
    "e": "aggTrade",
    "E": 1705531853505,
    "s": "BTCUSDT",
    "a": 2834188503,
    "p": "42645.91000000",
    "q": "0.00036000",
    "f": 3378126029,
    "l": 3378126031,
    "T": 1705531853504,
    "m": false,
    "M": true,
    "timestamp": 1705531853.785307
  },
  {
    "e": "aggTrade",
    "E": 1705531853505,
    "s": "BTCUSDT",
    "a": 2834188505,
    "p": "42646.15000000",
    "q": "0.00106000",
    "f": 3378126034,
    "l": 3378126034,
    "T": 1705531853504,
    "m": false,
    "M": true,
    "timestamp": 1705531853.8023367
  },
  {
    "e": "aggTrade",
    "E": 1705531853505,
    "s": "BTCUSDT",
    "a": 2834188507,
    "p": "42646.36000000",
    "q": "0.00022000",
    "f": 3378126036,
    "l": 3378126036,
    "T": 1705531853504,
    "m": false,
    "M": true,
    "timestamp": 1705531853.812407
  },
  {
    "e": "aggTrade",
    "E": 1705531853534,
    "s": "BTCUSDT",
    "a": 2834188509,
    "p": "42646.45000000",
    "q": "0.00123000",
    "f": 3378126038,
    "l": 3378126038,
    "T": 1705531853533,
    "m": true,
    "M": true,
    "timestamp": 1705531853.8234081
  },
  {
    "e": "aggTrade",
    "E": 1705531853662,
    "s": "BTCUSDT",
    "a": 2834188511,
    "p": "42646.52000000",
    "q": "0.00023000",
    "f": 3378126040,
    "l": 3378126040,
    "T": 1705531853661,
    "m": false,
    "M": true,
    "timestamp": 1705531853.9176223
  },
  {
    "e": "aggTrade",
    "E": 1705531853662,
    "s": "BTCUSDT",
    "a": 2834188513,
    "p": "42646.89000000",
    "q": "0.00251000",
    "f": 3378126042,
    "l": 3378126045,
    "T": 1705531853661,
    "m": false,
    "M": true,
    "timestamp": 1705531853.93268
  },
  {
    "e": "aggTrade",
    "E": 1705531853709,
    "s": "BTCUSDT",
    "a": 2834188515,
    "p": "42647.64000000",
    "q": "0.00026000",
    "f": 3378126064,
    "l": 3378126064,
    "T": 1705531853709,
    "m": false,
    "M": true,
    "timestamp": 1705531853.9641361
  },
  {
    "e": "aggTrade",
    "E": 1705531853710,
    "s": "BTCUSDT",
    "a": 2834188517,
    "p": "42647.68000000",
    "q": "0.00023000",
    "f": 3378126066,
    "l": 3378126066,
    "T": 1705531853709,
    "m": false,
    "M": true,
    "timestamp": 1705531853.9791193
  },
  {
    "e": "aggTrade",
    "E": 1705531853710,
    "s": "BTCUSDT",
    "a": 2834188519,
    "p": "42647.82000000",
    "q": "0.00015000",
    "f": 3378126068,
    "l": 3378126068,
    "T": 1705531853709,
    "m": false,
    "M": true,
    "timestamp": 1705531853.9951222
  },
  {
    "e": "aggTrade",
    "E": 1705531853870,
    "s": "BTCUSDT",
    "a": 2834188521,
    "p": "42648.18000000",
    "q": "0.00682000",
    "f": 3378126070,
    "l": 3378126071,
    "T": 1705531853869,
    "m": true,
    "M": true,
    "timestamp": 1705531854.1258926
  },
  {
    "e": "aggTrade",
    "E": 1705531854051,
    "s": "BTCUSDT",
    "a": 2834188523,
    "p": "42648.19000000",
    "q": "0.01963000",
    "f": 3378126073,
    "l": 3378126073,
    "T": 1705531854050,
    "m": false,
    "M": true,
    "timestamp": 1705531854.306824
  },
  {
    "e": "aggTrade",
    "E": 1705531854070,
    "s": "BTCUSDT",
    "a": 2834188525,
    "p": "42648.34000000",
    "q": "0.11447000",
    "f": 3378126075,
    "l": 3378126075,
    "T": 1705531854068,
    "m": false,
    "M": true,
    "timestamp": 1705531854.329799
  },
  {
    "e": "aggTrade",
    "E": 1705531855190,
    "s": "BTCUSDT",
    "a": 2834188527,
    "p": "42648.34000000",
    "q": "0.06068000",
    "f": 3378126077,
    "l": 3378126081,
    "T": 1705531855189,
    "m": false,
    "M": true,
    "timestamp": 1705531855.5220973
  },
  {
    "e": "aggTrade",
    "E": 1705531855190,
    "s": "BTCUSDT",
    "a": 2834188529,
    "p": "42648.52000000",
    "q": "0.00014000",
    "f": 3378126084,
    "l": 3378126084,
    "T": 1705531855189,
    "m": false,
    "M": true,
    "timestamp": 1705531855.5290864
  },
  {
    "e": "aggTrade",
    "E": 1705531855193,
    "s": "BTCUSDT",
    "a": 2834188531,
    "p": "42648.65000000",
    "q": "0.00026000",
    "f": 3378126086,
    "l": 3378126086,
    "T": 1705531855192,
    "m": false,
    "M": true,
    "timestamp": 1705531855.5410888
  },
  {
    "e": "aggTrade",
    "E": 1705531855196,
    "s": "BTCUSDT",
    "a": 2834188533,
    "p": "42648.87000000",
    "q": "0.00020000",
    "f": 3378126088,
    "l": 3378126088,
    "T": 1705531855195,
    "m": false,
    "M": true,
    "timestamp": 1705531855.5520866
  },
  {
    "e": "aggTrade",
    "E": 1705531855196,
    "s": "BTCUSDT",
    "a": 2834188535,
    "p": "42648.99000000",
    "q": "0.00013000",
    "f": 3378126090,
    "l": 3378126090,
    "T": 1705531855195,
    "m": false,
    "M": true,
    "timestamp": 1705531855.5630867
  },
  {
    "e": "aggTrade",
    "E": 1705531855494,
    "s": "BTCUSDT",
    "a": 2834188537,
    "p": "42648.99000000",
    "q": "0.01537000",
    "f": 3378126093,
    "l": 3378126093,
    "T": 1705531855493,
    "m": true,
    "M": true,
    "timestamp": 1705531855.7504456
  },
  {
    "e": "aggTrade",
    "E": 1705531856055,
    "s": "BTCUSDT",
    "a": 2834188539,
    "p": "42648.99000000",
    "q": "0.00019000",
    "f": 3378126095,
    "l": 3378126095,
    "T": 1705531856055,
    "m": true,
    "M": true,
    "timestamp": 1705531856.3086107
  },
  {
    "e": "aggTrade",
    "E": 1705531857428,
    "s": "BTCUSDT",
    "a": 2834188541,
    "p": "42648.99000000",
    "q": "0.00046000",
    "f": 3378126097,
    "l": 3378126097,
    "T": 1705531857427,
    "m": true,
    "M": true,
    "timestamp": 1705531857.9755013
  },
  {
    "e": "aggTrade",
    "E": 1705531857541,
    "s": "BTCUSDT",
    "a": 2834188543,
    "p": "42648.99000000",
    "q": "0.00023000",
    "f": 3378126099,
    "l": 3378126099,
    "T": 1705531857540,
    "m": true,
    "M": true,
    "timestamp": 1705531857.9904518
  },
  {
    "e": "aggTrade",
    "E": 1705531858637,
    "s": "BTCUSDT",
    "a": 2834188545,
    "p": "42648.99000000",
    "q": "0.00052000",
    "f": 3378126101,
    "l": 3378126101,
    "T": 1705531858637,
    "m": true,
    "M": true,
    "timestamp": 1705531858.9233565
  },
  {
    "e": "aggTrade",
    "E": 1705531859358,
    "s": "BTCUSDT",
    "a": 2834188547,
    "p": "42648.99000000",
    "q": "0.01922000",
    "f": 3378126103,
    "l": 3378126103,
    "T": 1705531859358,
    "m": true,
    "M": true,
    "timestamp": 1705531859.617113
  },
  {
    "e": "aggTrade",
    "E": 1705531859972,
    "s": "BTCUSDT",
    "a": 2834188549,
    "p": "42649.00000000",
    "q": "0.00074000",
    "f": 3378126105,
    "l": 3378126105,
    "T": 1705531859972,
    "m": false,
    "M": true,
    "timestamp": 1705531860.2248921
  },
  {
    "e": "aggTrade",
    "E": 1705531859976,
    "s": "BTCUSDT",
    "a": 2834188551,
    "p": "42649.00000000",
    "q": "0.00213000",
    "f": 3378126107,
    "l": 3378126108,
    "T": 1705531859976,
    "m": false,
    "M": true,
    "timestamp": 1705531860.2348683
  },
  {
    "e": "aggTrade",
    "E": 1705531859978,
    "s": "BTCUSDT",
    "a": 2834188553,
    "p": "42649.00000000",
    "q": "0.00036000",
    "f": 3378126110,
    "l": 3378126110,
    "T": 1705531859978,
    "m": false,
    "M": true,
    "timestamp": 1705531860.2460787
  },
  {
    "e": "aggTrade",
    "E": 1705531859979,
    "s": "BTCUSDT",
    "a": 2834188555,
    "p": "42649.00000000",
    "q": "0.00221000",
    "f": 3378126112,
    "l": 3378126112,
    "T": 1705531859978,
    "m": false,
    "M": true,
    "timestamp": 1705531860.2601323
  },
  {
    "e": "aggTrade",
    "E": 1705531859980,
    "s": "BTCUSDT",
    "a": 2834188557,
    "p": "42649.00000000",
    "q": "0.00148000",
    "f": 3378126114,
    "l": 3378126114,
    "T": 1705531859979,
    "m": false,
    "M": true,
    "timestamp": 1705531860.27213
  },
  {
    "e": "aggTrade",
    "E": 1705531859980,
    "s": "BTCUSDT",
    "a": 2834188559,
    "p": "42648.99000000",
    "q": "0.00128000",
    "f": 3378126116,
    "l": 3378126116,
    "T": 1705531859980,
    "m": true,
    "M": true,
    "timestamp": 1705531860.2851653
  },
  {
    "e": "aggTrade",
    "E": 1705531859983,
    "s": "BTCUSDT",
    "a": 2834188561,
    "p": "42648.99000000",
    "q": "0.00074000",
    "f": 3378126118,
    "l": 3378126118,
    "T": 1705531859982,
    "m": true,
    "M": true,
    "timestamp": 1705531860.2961307
  },
  {
    "e": "aggTrade",
    "E": 1705531859983,
    "s": "BTCUSDT",
    "a": 2834188563,
    "p": "42648.99000000",
    "q": "0.00108000",
    "f": 3378126120,
    "l": 3378126120,
    "T": 1705531859983,
    "m": true,
    "M": true,
    "timestamp": 1705531860.3081307
  },
  {
    "e": "aggTrade",
    "E": 1705531859985,
    "s": "BTCUSDT",
    "a": 2834188565,
    "p": "42649.00000000",
    "q": "0.00209000",
    "f": 3378126122,
    "l": 3378126122,
    "T": 1705531859984,
    "m": false,
    "M": true,
    "timestamp": 1705531860.3211308
  },
  {
    "e": "aggTrade",
    "E": 1705531859987,
    "s": "BTCUSDT",
    "a": 2834188567,
    "p": "42648.99000000",
    "q": "0.00051000",
    "f": 3378126124,
    "l": 3378126124,
    "T": 1705531859987,
    "m": true,
    "M": true,
    "timestamp": 1705531860.334131
  },
  {
    "e": "aggTrade",
    "E": 1705531859989,
    "s": "BTCUSDT",
    "a": 2834188569,
    "p": "42649.00000000",
    "q": "0.00139000",
    "f": 3378126126,
    "l": 3378126126,
    "T": 1705531859988,
    "m": false,
    "M": true,
    "timestamp": 1705531860.3611624
  },
  {
    "e": "aggTrade",
    "E": 1705531859991,
    "s": "BTCUSDT",
    "a": 2834188571,
    "p": "42649.00000000",
    "q": "0.00175000",
    "f": 3378126128,
    "l": 3378126128,
    "T": 1705531859991,
    "m": false,
    "M": true,
    "timestamp": 1705531860.374132
  },
  {
    "e": "aggTrade",
    "E": 1705531859992,
    "s": "BTCUSDT",
    "a": 2834188573,
    "p": "42649.00000000",
    "q": "0.00136000",
    "f": 3378126130,
    "l": 3378126130,
    "T": 1705531859992,
    "m": false,
    "M": true,
    "timestamp": 1705531860.5331497
  },
  {
    "e": "aggTrade",
    "E": 1705531859994,
    "s": "BTCUSDT",
    "a": 2834188575,
    "p": "42649.00000000",
    "q": "0.00077000",
    "f": 3378126132,
    "l": 3378126132,
    "T": 1705531859994,
    "m": false,
    "M": true,
    "timestamp": 1705531860.5421498
  },
  {
    "e": "aggTrade",
    "E": 1705531860001,
    "s": "BTCUSDT",
    "a": 2834188577,
    "p": "42648.99000000",
    "q": "0.00134000",
    "f": 3378126134,
    "l": 3378126134,
    "T": 1705531860000,
    "m": true,
    "M": true,
    "timestamp": 1705531860.5561826
  },
  {
    "e": "aggTrade",
    "E": 1705531860001,
    "s": "BTCUSDT",
    "a": 2834188579,
    "p": "42648.99000000",
    "q": "0.00137000",
    "f": 3378126136,
    "l": 3378126136,
    "T": 1705531860001,
    "m": true,
    "M": true,
    "timestamp": 1705531860.5701804
  },
  {
    "e": "aggTrade",
    "E": 1705531860003,
    "s": "BTCUSDT",
    "a": 2834188581,
    "p": "42648.99000000",
    "q": "0.00225000",
    "f": 3378126138,
    "l": 3378126138,
    "T": 1705531860002,
    "m": true,
    "M": true,
    "timestamp": 1705531860.58218
  },
  {
    "e": "aggTrade",
    "E": 1705531860007,
    "s": "BTCUSDT",
    "a": 2834188583,
    "p": "42649.00000000",
    "q": "0.00055000",
    "f": 3378126140,
    "l": 3378126140,
    "T": 1705531860006,
    "m": false,
    "M": true,
    "timestamp": 1705531860.6001804
  },
  {
    "e": "aggTrade",
    "E": 1705531860007,
    "s": "BTCUSDT",
    "a": 2834188585,
    "p": "42649.00000000",
    "q": "0.00119000",
    "f": 3378126142,
    "l": 3378126142,
    "T": 1705531860007,
    "m": false,
    "M": true,
    "timestamp": 1705531860.6131487
  },
  {
    "e": "aggTrade",
    "E": 1705531860008,
    "s": "BTCUSDT",
    "a": 2834188587,
    "p": "42649.00000000",
    "q": "0.00202000",
    "f": 3378126144,
    "l": 3378126144,
    "T": 1705531860007,
    "m": false,
    "M": true,
    "timestamp": 1705531860.6420712
  },
  {
    "e": "aggTrade",
    "E": 1705531860009,
    "s": "BTCUSDT",
    "a": 2834188589,
    "p": "42648.99000000",
    "q": "0.00070000",
    "f": 3378126146,
    "l": 3378126146,
    "T": 1705531860009,
    "m": true,
    "M": true,
    "timestamp": 1705531860.6581066
  },
  {
    "e": "aggTrade",
    "E": 1705531860010,
    "s": "BTCUSDT",
    "a": 2834188591,
    "p": "42649.00000000",
    "q": "0.00230000",
    "f": 3378126148,
    "l": 3378126148,
    "T": 1705531860010,
    "m": false,
    "M": true,
    "timestamp": 1705531860.6721034
  },
  {
    "e": "aggTrade",
    "E": 1705531860012,
    "s": "BTCUSDT",
    "a": 2834188593,
    "p": "42648.99000000",
    "q": "0.00105000",
    "f": 3378126150,
    "l": 3378126150,
    "T": 1705531860012,
    "m": true,
    "M": true,
    "timestamp": 1705531860.6850731
  },
  {
    "e": "aggTrade",
    "E": 1705531860013,
    "s": "BTCUSDT",
    "a": 2834188595,
    "p": "42649.00000000",
    "q": "0.00256000",
    "f": 3378126152,
    "l": 3378126152,
    "T": 1705531860012,
    "m": false,
    "M": true,
    "timestamp": 1705531860.6966846
  },
  {
    "e": "aggTrade",
    "E": 1705531860014,
    "s": "BTCUSDT",
    "a": 2834188597,
    "p": "42649.00000000",
    "q": "0.00180000",
    "f": 3378126154,
    "l": 3378126154,
    "T": 1705531860013,
    "m": false,
    "M": true,
    "timestamp": 1705531860.7096841
  },
  {
    "e": "aggTrade",
    "E": 1705531860015,
    "s": "BTCUSDT",
    "a": 2834188599,
    "p": "42648.99000000",
    "q": "0.00139000",
    "f": 3378126156,
    "l": 3378126156,
    "T": 1705531860015,
    "m": true,
    "M": true,
    "timestamp": 1705531860.7226844
  },
  {
    "e": "aggTrade",
    "E": 1705531860020,
    "s": "BTCUSDT",
    "a": 2834188601,
    "p": "42649.00000000",
    "q": "0.00066000",
    "f": 3378126158,
    "l": 3378126158,
    "T": 1705531860019,
    "m": false,
    "M": true,
    "timestamp": 1705531860.7346847
  },
  {
    "e": "aggTrade",
    "E": 1705531860021,
    "s": "BTCUSDT",
    "a": 2834188603,
    "p": "42649.00000000",
    "q": "0.00094000",
    "f": 3378126160,
    "l": 3378126160,
    "T": 1705531860021,
    "m": false,
    "M": true,
    "timestamp": 1705531860.7486844
  },
  {
    "e": "aggTrade",
    "E": 1705531860023,
    "s": "BTCUSDT",
    "a": 2834188605,
    "p": "42648.99000000",
    "q": "0.00032000",
    "f": 3378126162,
    "l": 3378126162,
    "T": 1705531860023,
    "m": true,
    "M": true,
    "timestamp": 1705531860.7626855
  },
  {
    "e": "aggTrade",
    "E": 1705531860047,
    "s": "BTCUSDT",
    "a": 2834188607,
    "p": "42648.99000000",
    "q": "0.00225000",
    "f": 3378126164,
    "l": 3378126164,
    "T": 1705531860047,
    "m": true,
    "M": true,
    "timestamp": 1705531860.7746844
  },
  {
    "e": "aggTrade",
    "E": 1705531860520,
    "s": "BTCUSDT",
    "a": 2834188609,
    "p": "42649.00000000",
    "q": "0.04370000",
    "f": 3378126166,
    "l": 3378126166,
    "T": 1705531860519,
    "m": false,
    "M": true,
    "timestamp": 1705531860.815685
  },
  {
    "e": "aggTrade",
    "E": 1705531861688,
    "s": "BTCUSDT",
    "a": 2834188611,
    "p": "42648.99000000",
    "q": "0.04689000",
    "f": 3378126168,
    "l": 3378126168,
    "T": 1705531861688,
    "m": true,
    "M": true,
    "timestamp": 1705531861.9460092
  },
  {
    "e": "aggTrade",
    "E": 1705531862430,
    "s": "BTCUSDT",
    "a": 2834188613,
    "p": "42649.00000000",
    "q": "0.00522000",
    "f": 3378126170,
    "l": 3378126170,
    "T": 1705531862430,
    "m": false,
    "M": true,
    "timestamp": 1705531862.6840053
  },
  {
    "e": "aggTrade",
    "E": 1705531862538,
    "s": "BTCUSDT",
    "a": 2834188615,
    "p": "42648.99000000",
    "q": "0.00237000",
    "f": 3378126172,
    "l": 3378126172,
    "T": 1705531862538,
    "m": true,
    "M": true,
    "timestamp": 1705531862.792807
  },
  {
    "e": "aggTrade",
    "E": 1705531864047,
    "s": "BTCUSDT",
    "a": 2834188617,
    "p": "42649.00000000",
    "q": "0.00707000",
    "f": 3378126174,
    "l": 3378126174,
    "T": 1705531864047,
    "m": false,
    "M": true,
    "timestamp": 1705531864.3102963
  },
  {
    "e": "aggTrade",
    "E": 1705531864262,
    "s": "BTCUSDT",
    "a": 2834188619,
    "p": "42648.99000000",
    "q": "0.00046000",
    "f": 3378126176,
    "l": 3378126176,
    "T": 1705531864262,
    "m": true,
    "M": true,
    "timestamp": 1705531864.526446
  },
  {
    "e": "aggTrade",
    "E": 1705531864411,
    "s": "BTCUSDT",
    "a": 2834188621,
    "p": "42649.13000000",
    "q": "0.00025000",
    "f": 3378126181,
    "l": 3378126181,
    "T": 1705531864409,
    "m": false,
    "M": true,
    "timestamp": 1705531864.6701586
  },
  {
    "e": "aggTrade",
    "E": 1705531864411,
    "s": "BTCUSDT",
    "a": 2834188623,
    "p": "42649.38000000",
    "q": "0.00013000",
    "f": 3378126183,
    "l": 3378126183,
    "T": 1705531864409,
    "m": false,
    "M": true,
    "timestamp": 1705531864.6853793
  },
  {
    "e": "aggTrade",
    "E": 1705531864411,
    "s": "BTCUSDT",
    "a": 2834188625,
    "p": "42649.69000000",
    "q": "0.00074000",
    "f": 3378126185,
    "l": 3378126185,
    "T": 1705531864409,
    "m": false,
    "M": true,
    "timestamp": 1705531864.7003806
  },
  {
    "e": "aggTrade",
    "E": 1705531864411,
    "s": "BTCUSDT",
    "a": 2834188627,
    "p": "42649.87000000",
    "q": "0.00651000",
    "f": 3378126187,
    "l": 3378126187,
    "T": 1705531864409,
    "m": false,
    "M": true,
    "timestamp": 1705531864.7194111
  },
  {
    "e": "aggTrade",
    "E": 1705531864411,
    "s": "BTCUSDT",
    "a": 2834188629,
    "p": "42650.06000000",
    "q": "0.00014000",
    "f": 3378126207,
    "l": 3378126207,
    "T": 1705531864409,
    "m": false,
    "M": true,
    "timestamp": 1705531864.7343976
  },
  {
    "e": "aggTrade",
    "E": 1705531864411,
    "s": "BTCUSDT",
    "a": 2834188631,
    "p": "42650.27000000",
    "q": "0.00043000",
    "f": 3378126210,
    "l": 3378126210,
    "T": 1705531864409,
    "m": false,
    "M": true,
    "timestamp": 1705531864.7504134
  },
  {
    "e": "aggTrade",
    "E": 1705531864411,
    "s": "BTCUSDT",
    "a": 2834188633,
    "p": "42650.41000000",
    "q": "0.01798000",
    "f": 3378126212,
    "l": 3378126212,
    "T": 1705531864409,
    "m": false,
    "M": true,
    "timestamp": 1705531864.7924106
  },
  {
    "e": "aggTrade",
    "E": 1705531864859,
    "s": "BTCUSDT",
    "a": 2834188635,
    "p": "42650.40000000",
    "q": "0.00015000",
    "f": 3378126214,
    "l": 3378126214,
    "T": 1705531864858,
    "m": true,
    "M": true,
    "timestamp": 1705531865.1916614
  },
  {
    "e": "aggTrade",
    "E": 1705531864957,
    "s": "BTCUSDT",
    "a": 2834188637,
    "p": "42650.40000000",
    "q": "0.01700000",
    "f": 3378126216,
    "l": 3378126216,
    "T": 1705531864956,
    "m": true,
    "M": true,
    "timestamp": 1705531865.2196453
  },
  {
    "e": "aggTrade",
    "E": 1705531865083,
    "s": "BTCUSDT",
    "a": 2834188639,
    "p": "42650.41000000",
    "q": "0.00170000",
    "f": 3378126218,
    "l": 3378126218,
    "T": 1705531865083,
    "m": false,
    "M": true,
    "timestamp": 1705531865.3340948
  },
  {
    "e": "aggTrade",
    "E": 1705531865335,
    "s": "BTCUSDT",
    "a": 2834188641,
    "p": "42650.47000000",
    "q": "0.00641000",
    "f": 3378126221,
    "l": 3378126221,
    "T": 1705531865335,
    "m": false,
    "M": true,
    "timestamp": 1705531865.5927112
  },
  {
    "e": "aggTrade",
    "E": 1705531865340,
    "s": "BTCUSDT",
    "a": 2834188643,
    "p": "42650.60000000",
    "q": "0.00098000",
    "f": 3378126223,
    "l": 3378126225,
    "T": 1705531865339,
    "m": false,
    "M": true,
    "timestamp": 1705531865.6196783
  },
  {
    "e": "aggTrade",
    "E": 1705531865386,
    "s": "BTCUSDT",
    "a": 2834188645,
    "p": "42650.74000000",
    "q": "0.00013000",
    "f": 3378126227,
    "l": 3378126227,
    "T": 1705531865385,
    "m": false,
    "M": true,
    "timestamp": 1705531865.6451714
  },
  {
    "e": "aggTrade",
    "E": 1705531865386,
    "s": "BTCUSDT",
    "a": 2834188647,
    "p": "42650.81000000",
    "q": "0.00043000",
    "f": 3378126229,
    "l": 3378126229,
    "T": 1705531865385,
    "m": false,
    "M": true,
    "timestamp": 1705531865.6591978
  },
  {
    "e": "aggTrade",
    "E": 1705531865386,
    "s": "BTCUSDT",
    "a": 2834188649,
    "p": "42651.06000000",
    "q": "0.00019000",
    "f": 3378126231,
    "l": 3378126231,
    "T": 1705531865385,
    "m": false,
    "M": true,
    "timestamp": 1705531865.673198
  },
  {
    "e": "aggTrade",
    "E": 1705531865389,
    "s": "BTCUSDT",
    "a": 2834188651,
    "p": "42651.09000000",
    "q": "0.49999000",
    "f": 3378126233,
    "l": 3378126236,
    "T": 1705531865389,
    "m": true,
    "M": true,
    "timestamp": 1705531865.6921985
  },
  {
    "e": "aggTrade",
    "E": 1705531865876,
    "s": "BTCUSDT",
    "a": 2834188653,
    "p": "42651.09000000",
    "q": "0.00147000",
    "f": 3378126238,
    "l": 3378126238,
    "T": 1705531865875,
    "m": true,
    "M": true,
    "timestamp": 1705531866.1293755
  },
  {
    "e": "aggTrade",
    "E": 1705531866155,
    "s": "BTCUSDT",
    "a": 2834188655,
    "p": "42651.10000000",
    "q": "0.00046000",
    "f": 3378126240,
    "l": 3378126240,
    "T": 1705531866155,
    "m": false,
    "M": true,
    "timestamp": 1705531866.4063156
  },
  {
    "e": "aggTrade",
    "E": 1705531867504,
    "s": "BTCUSDT",
    "a": 2834188657,
    "p": "42651.09000000",
    "q": "0.00231000",
    "f": 3378126242,
    "l": 3378126242,
    "T": 1705531867504,
    "m": true,
    "M": true,
    "timestamp": 1705531867.8076541
  },
  {
    "e": "aggTrade",
    "E": 1705531868561,
    "s": "BTCUSDT",
    "a": 2834188659,
    "p": "42651.09000000",
    "q": "0.00235000",
    "f": 3378126244,
    "l": 3378126244,
    "T": 1705531868560,
    "m": true,
    "M": true,
    "timestamp": 1705531868.8168786
  },
  {
    "e": "aggTrade",
    "E": 1705531870008,
    "s": "BTCUSDT",
    "a": 2834188661,
    "p": "42651.35000000",
    "q": "0.00043000",
    "f": 3378126250,
    "l": 3378126250,
    "T": 1705531870004,
    "m": false,
    "M": true,
    "timestamp": 1705531870.8833034
  },
  {
    "e": "aggTrade",
    "E": 1705531870010,
    "s": "BTCUSDT",
    "a": 2834188663,
    "p": "42651.60000000",
    "q": "0.00002000",
    "f": 3378126252,
    "l": 3378126252,
    "T": 1705531870010,
    "m": false,
    "M": true,
    "timestamp": 1705531870.8923059
  },
  {
    "e": "aggTrade",
    "E": 1705531870010,
    "s": "BTCUSDT",
    "a": 2834188665,
    "p": "42651.68000000",
    "q": "0.00015000",
    "f": 3378126254,
    "l": 3378126254,
    "T": 1705531870010,
    "m": false,
    "M": true,
    "timestamp": 1705531870.9092717
  },
  {
    "e": "aggTrade",
    "E": 1705531870010,
    "s": "BTCUSDT",
    "a": 2834188667,
    "p": "42651.89000000",
    "q": "0.00043000",
    "f": 3378126256,
    "l": 3378126256,
    "T": 1705531870010,
    "m": false,
    "M": true,
    "timestamp": 1705531870.9252753
  },
  {
    "e": "aggTrade",
    "E": 1705531870010,
    "s": "BTCUSDT",
    "a": 2834188669,
    "p": "42652.17000000",
    "q": "0.00044000",
    "f": 3378126258,
    "l": 3378126259,
    "T": 1705531870010,
    "m": false,
    "M": true,
    "timestamp": 1705531870.9412718
  },
  {
    "e": "aggTrade",
    "E": 1705531870507,
    "s": "BTCUSDT",
    "a": 2834188671,
    "p": "42652.34000000",
    "q": "0.00228000",
    "f": 3378126261,
    "l": 3378126262,
    "T": 1705531870506,
    "m": true,
    "M": true,
    "timestamp": 1705531871.180459
  },
  {
    "e": "aggTrade",
    "E": 1705531871876,
    "s": "BTCUSDT",
    "a": 2834188673,
    "p": "42652.34000000",
    "q": "0.00133000",
    "f": 3378126264,
    "l": 3378126264,
    "T": 1705531871876,
    "m": true,
    "M": true,
    "timestamp": 1705531872.1311338
  },
  {
    "e": "aggTrade",
    "E": 1705531872196,
    "s": "BTCUSDT",
    "a": 2834188675,
    "p": "42652.34000000",
    "q": "0.01151000",
    "f": 3378126266,
    "l": 3378126266,
    "T": 1705531872195,
    "m": true,
    "M": true,
    "timestamp": 1705531872.6580324
  },
  {
    "e": "aggTrade",
    "E": 1705531872638,
    "s": "BTCUSDT",
    "a": 2834188677,
    "p": "42652.35000000",
    "q": "0.00103000",
    "f": 3378126268,
    "l": 3378126268,
    "T": 1705531872637,
    "m": false,
    "M": true,
    "timestamp": 1705531872.897298
  },
  {
    "e": "aggTrade",
    "E": 1705531873264,
    "s": "BTCUSDT",
    "a": 2834188679,
    "p": "42652.35000000",
    "q": "0.00012000",
    "f": 3378126270,
    "l": 3378126270,
    "T": 1705531873264,
    "m": false,
    "M": true,
    "timestamp": 1705531873.5236173
  },
  {
    "e": "aggTrade",
    "E": 1705531873527,
    "s": "BTCUSDT",
    "a": 2834188681,
    "p": "42652.34000000",
    "q": "0.00022000",
    "f": 3378126272,
    "l": 3378126272,
    "T": 1705531873526,
    "m": true,
    "M": true,
    "timestamp": 1705531873.7905557
  },
  {
    "e": "aggTrade",
    "E": 1705531874055,
    "s": "BTCUSDT",
    "a": 2834188683,
    "p": "42652.34000000",
    "q": "0.02574000",
    "f": 3378126274,
    "l": 3378126274,
    "T": 1705531874055,
    "m": true,
    "M": true,
    "timestamp": 1705531874.6860845
  },
  {
    "e": "aggTrade",
    "E": 1705531874358,
    "s": "BTCUSDT",
    "a": 2834188685,
    "p": "42652.34000000",
    "q": "0.00192000",
    "f": 3378126276,
    "l": 3378126276,
    "T": 1705531874358,
    "m": true,
    "M": true,
    "timestamp": 1705531874.7359974
  },
  {
    "e": "aggTrade",
    "E": 1705531874657,
    "s": "BTCUSDT",
    "a": 2834188687,
    "p": "42652.35000000",
    "q": "0.03986000",
    "f": 3378126278,
    "l": 3378126278,
    "T": 1705531874656,
    "m": false,
    "M": true,
    "timestamp": 1705531874.9100747
  },
  {
    "e": "aggTrade",
    "E": 1705531876120,
    "s": "BTCUSDT",
    "a": 2834188689,
    "p": "42652.34000000",
    "q": "0.00445000",
    "f": 3378126281,
    "l": 3378126281,
    "T": 1705531876120,
    "m": true,
    "M": true,
    "timestamp": 1705531876.3816776
  },
  {
    "e": "aggTrade",
    "E": 1705531880476,
    "s": "BTCUSDT",
    "a": 2834188691,
    "p": "42652.35000000",
    "q": "0.00040000",
    "f": 3378126283,
    "l": 3378126283,
    "T": 1705531880476,
    "m": false,
    "M": true,
    "timestamp": 1705531880.8005567
  },
  {
    "e": "aggTrade",
    "E": 1705531880987,
    "s": "BTCUSDT",
    "a": 2834188693,
    "p": "42652.35000000",
    "q": "0.01268000",
    "f": 3378126285,
    "l": 3378126288,
    "T": 1705531880986,
    "m": false,
    "M": true,
    "timestamp": 1705531881.3288743
  },
  {
    "e": "aggTrade",
    "E": 1705531880989,
    "s": "BTCUSDT",
    "a": 2834188695,
    "p": "42652.40000000",
    "q": "0.00013000",
    "f": 3378126290,
    "l": 3378126290,
    "T": 1705531880988,
    "m": false,
    "M": true,
    "timestamp": 1705531881.3378801
  },
  {
    "e": "aggTrade",
    "E": 1705531880989,
    "s": "BTCUSDT",
    "a": 2834188697,
    "p": "42652.43000000",
    "q": "0.00043000",
    "f": 3378126292,
    "l": 3378126292,
    "T": 1705531880988,
    "m": false,
    "M": true,
    "timestamp": 1705531881.351873
  },
  {
    "e": "aggTrade",
    "E": 1705531881010,
    "s": "BTCUSDT",
    "a": 2834188699,
    "p": "42652.72000000",
    "q": "0.00013000",
    "f": 3378126294,
    "l": 3378126294,
    "T": 1705531881009,
    "m": false,
    "M": true,
    "timestamp": 1705531881.3657405
  },
  {
    "e": "aggTrade",
    "E": 1705531881010,
    "s": "BTCUSDT",
    "a": 2834188701,
    "p": "42652.97000000",
    "q": "0.00043000",
    "f": 3378126296,
    "l": 3378126296,
    "T": 1705531881009,
    "m": false,
    "M": true,
    "timestamp": 1705531881.3797407
  },
  {
    "e": "aggTrade",
    "E": 1705531881010,
    "s": "BTCUSDT",
    "a": 2834188703,
    "p": "42653.00000000",
    "q": "0.00027000",
    "f": 3378126298,
    "l": 3378126298,
    "T": 1705531881009,
    "m": false,
    "M": true,
    "timestamp": 1705531881.393746
  },
  {
    "e": "aggTrade",
    "E": 1705531881010,
    "s": "BTCUSDT",
    "a": 2834188705,
    "p": "42653.08000000",
    "q": "0.00029000",
    "f": 3378126300,
    "l": 3378126301,
    "T": 1705531881009,
    "m": false,
    "M": true,
    "timestamp": 1705531881.410741
  },
  {
    "e": "aggTrade",
    "E": 1705531881010,
    "s": "BTCUSDT",
    "a": 2834188707,
    "p": "42653.24000000",
    "q": "0.00043000",
    "f": 3378126303,
    "l": 3378126303,
    "T": 1705531881009,
    "m": false,
    "M": true,
    "timestamp": 1705531881.4237406
  },
  {
    "e": "aggTrade",
    "E": 1705531881010,
    "s": "BTCUSDT",
    "a": 2834188709,
    "p": "42653.51000000",
    "q": "0.00043000",
    "f": 3378126305,
    "l": 3378126305,
    "T": 1705531881009,
    "m": false,
    "M": true,
    "timestamp": 1705531881.437741
  },
  {
    "e": "aggTrade",
    "E": 1705531881010,
    "s": "BTCUSDT",
    "a": 2834188711,
    "p": "42653.84000000",
    "q": "0.00013000",
    "f": 3378126307,
    "l": 3378126307,
    "T": 1705531881009,
    "m": false,
    "M": true,
    "timestamp": 1705531881.4527714
  },
  {
    "e": "aggTrade",
    "E": 1705531881010,
    "s": "BTCUSDT",
    "a": 2834188713,
    "p": "42654.05000000",
    "q": "0.00043000",
    "f": 3378126309,
    "l": 3378126309,
    "T": 1705531881009,
    "m": false,
    "M": true,
    "timestamp": 1705531881.4737728
  },
  {
    "e": "aggTrade",
    "E": 1705531881010,
    "s": "BTCUSDT",
    "a": 2834188715,
    "p": "42654.32000000",
    "q": "0.00043000",
    "f": 3378126311,
    "l": 3378126311,
    "T": 1705531881009,
    "m": false,
    "M": true,
    "timestamp": 1705531881.4917407
  },
  {
    "e": "aggTrade",
    "E": 1705531881877,
    "s": "BTCUSDT",
    "a": 2834188717,
    "p": "42654.33000000",
    "q": "0.00116000",
    "f": 3378126313,
    "l": 3378126314,
    "T": 1705531881876,
    "m": true,
    "M": true,
    "timestamp": 1705531882.1324823
  },
  {
    "e": "aggTrade",
    "E": 1705531883878,
    "s": "BTCUSDT",
    "a": 2834188719,
    "p": "42654.33000000",
    "q": "0.00102000",
    "f": 3378126316,
    "l": 3378126316,
    "T": 1705531883878,
    "m": true,
    "M": true,
    "timestamp": 1705531884.1874094
  },
  {
    "e": "aggTrade",
    "E": 1705531883904,
    "s": "BTCUSDT",
    "a": 2834188721,
    "p": "42654.34000000",
    "q": "0.00282000",
    "f": 3378126318,
    "l": 3378126318,
    "T": 1705531883904,
    "m": false,
    "M": true,
    "timestamp": 1705531884.1993713
  },
  {
    "e": "aggTrade",
    "E": 1705531884064,
    "s": "BTCUSDT",
    "a": 2834188723,
    "p": "42654.54000000",
    "q": "0.00079000",
    "f": 3378126321,
    "l": 3378126321,
    "T": 1705531884063,
    "m": false,
    "M": true,
    "timestamp": 1705531884.3281884
  },
  {
    "e": "aggTrade",
    "E": 1705531884064,
    "s": "BTCUSDT",
    "a": 2834188725,
    "p": "42654.59000000",
    "q": "0.00043000",
    "f": 3378126323,
    "l": 3378126323,
    "T": 1705531884063,
    "m": false,
    "M": true,
    "timestamp": 1705531884.337889
  },
  {
    "e": "aggTrade",
    "E": 1705531884064,
    "s": "BTCUSDT",
    "a": 2834188727,
    "p": "42654.83000000",
    "q": "0.37544000",
    "f": 3378126325,
    "l": 3378126326,
    "T": 1705531884063,
    "m": false,
    "M": true,
    "timestamp": 1705531884.3548968
  },
  {
    "e": "aggTrade",
    "E": 1705531884067,
    "s": "BTCUSDT",
    "a": 2834188729,
    "p": "42654.86000000",
    "q": "0.00043000",
    "f": 3378126328,
    "l": 3378126328,
    "T": 1705531884066,
    "m": false,
    "M": true,
    "timestamp": 1705531884.3708956
  },
  {
    "e": "aggTrade",
    "E": 1705531884109,
    "s": "BTCUSDT",
    "a": 2834188731,
    "p": "42654.99000000",
    "q": "0.00029000",
    "f": 3378126330,
    "l": 3378126330,
    "T": 1705531884109,
    "m": true,
    "M": true,
    "timestamp": 1705531884.388926
  },
  {
    "e": "aggTrade",
    "E": 1705531884185,
    "s": "BTCUSDT",
    "a": 2834188733,
    "p": "42654.99000000",
    "q": "0.00265000",
    "f": 3378126332,
    "l": 3378126333,
    "T": 1705531884184,
    "m": true,
    "M": true,
    "timestamp": 1705531884.4392674
  },
  {
    "e": "aggTrade",
    "E": 1705531884242,
    "s": "BTCUSDT",
    "a": 2834188735,
    "p": "42655.13000000",
    "q": "0.00043000",
    "f": 3378126336,
    "l": 3378126336,
    "T": 1705531884241,
    "m": false,
    "M": true,
    "timestamp": 1705531884.5021136
  },
  {
    "e": "aggTrade",
    "E": 1705531884242,
    "s": "BTCUSDT",
    "a": 2834188737,
    "p": "42655.40000000",
    "q": "0.00043000",
    "f": 3378126338,
    "l": 3378126338,
    "T": 1705531884241,
    "m": false,
    "M": true,
    "timestamp": 1705531884.533143
  },
  {
    "e": "aggTrade",
    "E": 1705531884242,
    "s": "BTCUSDT",
    "a": 2834188739,
    "p": "42655.64000000",
    "q": "0.00012000",
    "f": 3378126340,
    "l": 3378126340,
    "T": 1705531884241,
    "m": false,
    "M": true,
    "timestamp": 1705531884.5571406
  },
  {
    "e": "aggTrade",
    "E": 1705531884242,
    "s": "BTCUSDT",
    "a": 2834188741,
    "p": "42655.94000000",
    "q": "0.00043000",
    "f": 3378126342,
    "l": 3378126342,
    "T": 1705531884241,
    "m": false,
    "M": true,
    "timestamp": 1705531884.5731401
  },
  {
    "e": "aggTrade",
    "E": 1705531884242,
    "s": "BTCUSDT",
    "a": 2834188743,
    "p": "42655.99000000",
    "q": "0.00062000",
    "f": 3378126344,
    "l": 3378126344,
    "T": 1705531884241,
    "m": false,
    "M": true,
    "timestamp": 1705531884.6040695
  },
  {
    "e": "aggTrade",
    "E": 1705531884242,
    "s": "BTCUSDT",
    "a": 2834188745,
    "p": "42656.21000000",
    "q": "0.00043000",
    "f": 3378126346,
    "l": 3378126346,
    "T": 1705531884241,
    "m": false,
    "M": true,
    "timestamp": 1705531884.6280673
  },
  {
    "e": "aggTrade",
    "E": 1705531884242,
    "s": "BTCUSDT",
    "a": 2834188747,
    "p": "42656.29000000",
    "q": "0.00326000",
    "f": 3378126348,
    "l": 3378126348,
    "T": 1705531884241,
    "m": false,
    "M": true,
    "timestamp": 1705531884.6470664
  },
  {
    "e": "aggTrade",
    "E": 1705531884242,
    "s": "BTCUSDT",
    "a": 2834188749,
    "p": "42656.53000000",
    "q": "0.00281000",
    "f": 3378126350,
    "l": 3378126354,
    "T": 1705531884241,
    "m": false,
    "M": true,
    "timestamp": 1705531884.6630664
  },
  {
    "e": "aggTrade",
    "E": 1705531884247,
    "s": "BTCUSDT",
    "a": 2834188751,
    "p": "42656.77000000",
    "q": "0.00326000",
    "f": 3378126356,
    "l": 3378126356,
    "T": 1705531884244,
    "m": false,
    "M": true,
    "timestamp": 1705531884.6780665
  },
  {
    "e": "aggTrade",
    "E": 1705531885515,
    "s": "BTCUSDT",
    "a": 2834188753,
    "p": "42656.76000000",
    "q": "0.01276000",
    "f": 3378126358,
    "l": 3378126358,
    "T": 1705531885514,
    "m": true,
    "M": true,
    "timestamp": 1705531885.7866137
  },
  {
    "e": "aggTrade",
    "E": 1705531887814,
    "s": "BTCUSDT",
    "a": 2834188755,
    "p": "42656.77000000",
    "q": "0.01725000",
    "f": 3378126361,
    "l": 3378126361,
    "T": 1705531887813,
    "m": false,
    "M": true,
    "timestamp": 1705531888.5611618
  },
  {
    "e": "aggTrade",
    "E": 1705531887814,
    "s": "BTCUSDT",
    "a": 2834188757,
    "p": "42656.91000000",
    "q": "0.00017000",
    "f": 3378126366,
    "l": 3378126366,
    "T": 1705531887813,
    "m": false,
    "M": true,
    "timestamp": 1705531888.5921555
  },
  {
    "e": "aggTrade",
    "E": 1705531887814,
    "s": "BTCUSDT",
    "a": 2834188759,
    "p": "42657.09000000",
    "q": "0.00021000",
    "f": 3378126368,
    "l": 3378126368,
    "T": 1705531887813,
    "m": false,
    "M": true,
    "timestamp": 1705531888.6111548
  },
  {
    "e": "aggTrade",
    "E": 1705531887814,
    "s": "BTCUSDT",
    "a": 2834188761,
    "p": "42657.15000000",
    "q": "0.00013000",
    "f": 3378126370,
    "l": 3378126370,
    "T": 1705531887813,
    "m": false,
    "M": true,
    "timestamp": 1705531888.6321542
  },
  {
    "e": "aggTrade",
    "E": 1705531887814,
    "s": "BTCUSDT",
    "a": 2834188763,
    "p": "42657.27000000",
    "q": "0.00047000",
    "f": 3378126372,
    "l": 3378126374,
    "T": 1705531887813,
    "m": false,
    "M": true,
    "timestamp": 1705531888.6561542
  },
  {
    "e": "aggTrade",
    "E": 1705531887814,
    "s": "BTCUSDT",
    "a": 2834188765,
    "p": "42657.40000000",
    "q": "0.00054000",
    "f": 3378126378,
    "l": 3378126378,
    "T": 1705531887813,
    "m": false,
    "M": true,
    "timestamp": 1705531888.6884658
  },
  {
    "e": "aggTrade",
    "E": 1705531887814,
    "s": "BTCUSDT",
    "a": 2834188767,
    "p": "42657.83000000",
    "q": "0.00043000",
    "f": 3378126380,
    "l": 3378126380,
    "T": 1705531887813,
    "m": false,
    "M": true,
    "timestamp": 1705531888.7064636
  },
  {
    "e": "aggTrade",
    "E": 1705531887814,
    "s": "BTCUSDT",
    "a": 2834188769,
    "p": "42658.08000000",
    "q": "0.00042000",
    "f": 3378126382,
    "l": 3378126384,
    "T": 1705531887813,
    "m": false,
    "M": true,
    "timestamp": 1705531888.7234628
  },
  {
    "e": "aggTrade",
    "E": 1705531887814,
    "s": "BTCUSDT",
    "a": 2834188771,
    "p": "42658.11000000",
    "q": "0.00469000",
    "f": 3378126386,
    "l": 3378126389,
    "T": 1705531887813,
    "m": false,
    "M": true,
    "timestamp": 1705531888.741462
  },
  {
    "e": "aggTrade",
    "E": 1705531887822,
    "s": "BTCUSDT",
    "a": 2834188773,
    "p": "42658.37000000",
    "q": "0.00043000",
    "f": 3378126391,
    "l": 3378126391,
    "T": 1705531887821,
    "m": false,
    "M": true,
    "timestamp": 1705531889.1606953
  },
  {
    "e": "aggTrade",
    "E": 1705531887825,
    "s": "BTCUSDT",
    "a": 2834188775,
    "p": "42658.91000000",
    "q": "0.00043000",
    "f": 3378126393,
    "l": 3378126393,
    "T": 1705531887823,
    "m": false,
    "M": true,
    "timestamp": 1705531889.1926434
  },
  {
    "e": "aggTrade",
    "E": 1705531887825,
    "s": "BTCUSDT",
    "a": 2834188777,
    "p": "42659.05000000",
    "q": "0.00127000",
    "f": 3378126395,
    "l": 3378126395,
    "T": 1705531887823,
    "m": false,
    "M": true,
    "timestamp": 1705531889.212272
  },
  {
    "e": "aggTrade",
    "E": 1705531887825,
    "s": "BTCUSDT",
    "a": 2834188779,
    "p": "42659.25000000",
    "q": "0.00019000",
    "f": 3378126397,
    "l": 3378126397,
    "T": 1705531887823,
    "m": false,
    "M": true,
    "timestamp": 1705531889.2272723
  },
  {
    "e": "aggTrade",
    "E": 1705531887825,
    "s": "BTCUSDT",
    "a": 2834188781,
    "p": "42659.42000000",
    "q": "0.00017000",
    "f": 3378126399,
    "l": 3378126399,
    "T": 1705531887823,
    "m": false,
    "M": true,
    "timestamp": 1705531889.244273
  },
  {
    "e": "aggTrade",
    "E": 1705531887825,
    "s": "BTCUSDT",
    "a": 2834188783,
    "p": "42659.59000000",
    "q": "0.06372000",
    "f": 3378126401,
    "l": 3378126401,
    "T": 1705531887823,
    "m": false,
    "M": true,
    "timestamp": 1705531889.2613032
  },
  {
    "e": "aggTrade",
    "E": 1705531887825,
    "s": "BTCUSDT",
    "a": 2834188785,
    "p": "42659.99000000",
    "q": "0.00043000",
    "f": 3378126403,
    "l": 3378126403,
    "T": 1705531887823,
    "m": false,
    "M": true,
    "timestamp": 1705531889.2782764
  },
  {
    "e": "aggTrade",
    "E": 1705531887825,
    "s": "BTCUSDT",
    "a": 2834188787,
    "p": "42660.11000000",
    "q": "0.00025000",
    "f": 3378126413,
    "l": 3378126413,
    "T": 1705531887823,
    "m": false,
    "M": true,
    "timestamp": 1705531889.2952774
  },
  {
    "e": "aggTrade",
    "E": 1705531887825,
    "s": "BTCUSDT",
    "a": 2834188789,
    "p": "42660.26000000",
    "q": "0.00043000",
    "f": 3378126415,
    "l": 3378126415,
    "T": 1705531887823,
    "m": false,
    "M": true,
    "timestamp": 1705531889.3104894
  },
  {
    "e": "aggTrade",
    "E": 1705531887825,
    "s": "BTCUSDT",
    "a": 2834188791,
    "p": "42660.45000000",
    "q": "0.00023000",
    "f": 3378126417,
    "l": 3378126417,
    "T": 1705531887823,
    "m": false,
    "M": true,
    "timestamp": 1705531889.325489
  },
  {
    "e": "aggTrade",
    "E": 1705531887825,
    "s": "BTCUSDT",
    "a": 2834188793,
    "p": "42660.66000000",
    "q": "0.00065000",
    "f": 3378126419,
    "l": 3378126419,
    "T": 1705531887823,
    "m": false,
    "M": true,
    "timestamp": 1705531889.3424892
  },
  {
    "e": "aggTrade",
    "E": 1705531887825,
    "s": "BTCUSDT",
    "a": 2834188795,
    "p": "42660.79000000",
    "q": "0.00079000",
    "f": 3378126421,
    "l": 3378126421,
    "T": 1705531887823,
    "m": false,
    "M": true,
    "timestamp": 1705531889.3584468
  },
  {
    "e": "aggTrade",
    "E": 1705531887825,
    "s": "BTCUSDT",
    "a": 2834188797,
    "p": "42660.88000000",
    "q": "0.01000000",
    "f": 3378126423,
    "l": 3378126423,
    "T": 1705531887823,
    "m": false,
    "M": true,
    "timestamp": 1705531889.375447
  },
  {
    "e": "aggTrade",
    "E": 1705531887825,
    "s": "BTCUSDT",
    "a": 2834188799,
    "p": "42660.95000000",
    "q": "0.00408000",
    "f": 3378126425,
    "l": 3378126425,
    "T": 1705531887823,
    "m": false,
    "M": true,
    "timestamp": 1705531889.3904793
  },
  {
    "e": "aggTrade",
    "E": 1705531887825,
    "s": "BTCUSDT",
    "a": 2834188801,
    "p": "42661.10000000",
    "q": "0.07032000",
    "f": 3378126427,
    "l": 3378126427,
    "T": 1705531887823,
    "m": false,
    "M": true,
    "timestamp": 1705531889.4394524
  },
  {
    "e": "aggTrade",
    "E": 1705531887825,
    "s": "BTCUSDT",
    "a": 2834188803,
    "p": "42661.45000000",
    "q": "0.00192000",
    "f": 3378126429,
    "l": 3378126429,
    "T": 1705531887823,
    "m": false,
    "M": true,
    "timestamp": 1705531889.4634497
  },
  {
    "e": "aggTrade",
    "E": 1705531887825,
    "s": "BTCUSDT",
    "a": 2834188805,
    "p": "42661.61000000",
    "q": "0.00043000",
    "f": 3378126431,
    "l": 3378126431,
    "T": 1705531887823,
    "m": false,
    "M": true,
    "timestamp": 1705531889.4824774
  },
  {
    "e": "aggTrade",
    "E": 1705531887825,
    "s": "BTCUSDT",
    "a": 2834188807,
    "p": "42661.94000000",
    "q": "0.00031000",
    "f": 3378126433,
    "l": 3378126433,
    "T": 1705531887823,
    "m": false,
    "M": true,
    "timestamp": 1705531889.4994469
  },
  {
    "e": "aggTrade",
    "E": 1705531887825,
    "s": "BTCUSDT",
    "a": 2834188809,
    "p": "42662.15000000",
    "q": "0.00043000",
    "f": 3378126435,
    "l": 3378126435,
    "T": 1705531887823,
    "m": false,
    "M": true,
    "timestamp": 1705531889.5164468
  },
  {
    "e": "aggTrade",
    "E": 1705531887825,
    "s": "BTCUSDT",
    "a": 2834188811,
    "p": "42662.42000000",
    "q": "0.00043000",
    "f": 3378126437,
    "l": 3378126437,
    "T": 1705531887823,
    "m": false,
    "M": true,
    "timestamp": 1705531889.5344465
  },
  {
    "e": "aggTrade",
    "E": 1705531887825,
    "s": "BTCUSDT",
    "a": 2834188813,
    "p": "42662.69000000",
    "q": "0.00043000",
    "f": 3378126439,
    "l": 3378126439,
    "T": 1705531887823,
    "m": false,
    "M": true,
    "timestamp": 1705531889.5834467
  },
  {
    "e": "aggTrade",
    "E": 1705531887825,
    "s": "BTCUSDT",
    "a": 2834188815,
    "p": "42662.96000000",
    "q": "0.00043000",
    "f": 3378126441,
    "l": 3378126441,
    "T": 1705531887823,
    "m": false,
    "M": true,
    "timestamp": 1705531889.6014469
  },
  {
    "e": "aggTrade",
    "E": 1705531887825,
    "s": "BTCUSDT",
    "a": 2834188817,
    "p": "42663.08000000",
    "q": "0.00679000",
    "f": 3378126443,
    "l": 3378126443,
    "T": 1705531887823,
    "m": false,
    "M": true,
    "timestamp": 1705531889.6184468
  },
  {
    "e": "aggTrade",
    "E": 1705531887962,
    "s": "BTCUSDT",
    "a": 2834188819,
    "p": "42662.99000000",
    "q": "0.01100000",
    "f": 3378126445,
    "l": 3378126445,
    "T": 1705531887961,
    "m": true,
    "M": true,
    "timestamp": 1705531889.635447
  },
  {
    "e": "aggTrade",
    "E": 1705531888917,
    "s": "BTCUSDT",
    "a": 2834188821,
    "p": "42662.99000000",
    "q": "0.77790000",
    "f": 3378126447,
    "l": 3378126453,
    "T": 1705531888916,
    "m": true,
    "M": true,
    "timestamp": 1705531889.6514468
  },
  {
    "e": "aggTrade",
    "E": 1705531889510,
    "s": "BTCUSDT",
    "a": 2834188823,
    "p": "42662.99000000",
    "q": "0.05524000",
    "f": 3378126455,
    "l": 3378126458,
    "T": 1705531889510,
    "m": true,
    "M": true,
    "timestamp": 1705531889.7691572
  },
  {
    "e": "aggTrade",
    "E": 1705531889789,
    "s": "BTCUSDT",
    "a": 2834188825,
    "p": "42662.99000000",
    "q": "0.01151000",
    "f": 3378126460,
    "l": 3378126460,
    "T": 1705531889789,
    "m": true,
    "M": true,
    "timestamp": 1705531890.0463789
  },
  {
    "e": "aggTrade",
    "E": 1705531889826,
    "s": "BTCUSDT",
    "a": 2834188827,
    "p": "42662.99000000",
    "q": "0.19900000",
    "f": 3378126464,
    "l": 3378126467,
    "T": 1705531889825,
    "m": true,
    "M": true,
    "timestamp": 1705531890.1287982
  },
  {
    "e": "aggTrade",
    "E": 1705531889860,
    "s": "BTCUSDT",
    "a": 2834188829,
    "p": "42663.00000000",
    "q": "0.00047000",
    "f": 3378126469,
    "l": 3378126469,
    "T": 1705531889859,
    "m": false,
    "M": true,
    "timestamp": 1705531890.1467884
  },
  {
    "e": "aggTrade",
    "E": 1705531889924,
    "s": "BTCUSDT",
    "a": 2834188831,
    "p": "42662.99000000",
    "q": "0.00407000",
    "f": 3378126471,
    "l": 3378126471,
    "T": 1705531889924,
    "m": true,
    "M": true,
    "timestamp": 1705531890.1807196
  },
  {
    "e": "aggTrade",
    "E": 1705531890124,
    "s": "BTCUSDT",
    "a": 2834188833,
    "p": "42663.22000000",
    "q": "0.18768000",
    "f": 3378126480,
    "l": 3378126480,
    "T": 1705531890123,
    "m": false,
    "M": true,
    "timestamp": 1705531890.3848755
  },
  {
    "e": "aggTrade",
    "E": 1705531890124,
    "s": "BTCUSDT",
    "a": 2834188835,
    "p": "42663.27000000",
    "q": "0.00048000",
    "f": 3378126483,
    "l": 3378126483,
    "T": 1705531890123,
    "m": false,
    "M": true,
    "timestamp": 1705531890.397898
  },
  {
    "e": "aggTrade",
    "E": 1705531890124,
    "s": "BTCUSDT",
    "a": 2834188837,
    "p": "42663.41000000",
    "q": "0.00078000",
    "f": 3378126486,
    "l": 3378126487,
    "T": 1705531890123,
    "m": false,
    "M": true,
    "timestamp": 1705531890.413899
  },
  {
    "e": "aggTrade",
    "E": 1705531890124,
    "s": "BTCUSDT",
    "a": 2834188839,
    "p": "42663.50000000",
    "q": "0.00043000",
    "f": 3378126489,
    "l": 3378126489,
    "T": 1705531890123,
    "m": false,
    "M": true,
    "timestamp": 1705531890.4298978
  },
  {
    "e": "aggTrade",
    "E": 1705531890124,
    "s": "BTCUSDT",
    "a": 2834188841,
    "p": "42663.86000000",
    "q": "0.00038000",
    "f": 3378126491,
    "l": 3378126491,
    "T": 1705531890123,
    "m": false,
    "M": true,
    "timestamp": 1705531890.4469008
  },
  {
    "e": "aggTrade",
    "E": 1705531890128,
    "s": "BTCUSDT",
    "a": 2834188843,
    "p": "42664.11000000",
    "q": "0.00013000",
    "f": 3378126493,
    "l": 3378126493,
    "T": 1705531890127,
    "m": false,
    "M": true,
    "timestamp": 1705531890.4658983
  },
  {
    "e": "aggTrade",
    "E": 1705531890128,
    "s": "BTCUSDT",
    "a": 2834188845,
    "p": "42664.24000000",
    "q": "0.00042000",
    "f": 3378126496,
    "l": 3378126496,
    "T": 1705531890127,
    "m": false,
    "M": true,
    "timestamp": 1705531890.5018988
  },
  {
    "e": "aggTrade",
    "E": 1705531890128,
    "s": "BTCUSDT",
    "a": 2834188847,
    "p": "42664.31000000",
    "q": "0.00067000",
    "f": 3378126498,
    "l": 3378126499,
    "T": 1705531890127,
    "m": false,
    "M": true,
    "timestamp": 1705531890.5189033
  },
  {
    "e": "aggTrade",
    "E": 1705531890511,
    "s": "BTCUSDT",
    "a": 2834188849,
    "p": "42664.40000000",
    "q": "0.01331000",
    "f": 3378126501,
    "l": 3378126501,
    "T": 1705531890510,
    "m": true,
    "M": true,
    "timestamp": 1705531890.760404
  },
  {
    "e": "aggTrade",
    "E": 1705531891441,
    "s": "BTCUSDT",
    "a": 2834188851,
    "p": "42664.40000000",
    "q": "0.00102000",
    "f": 3378126503,
    "l": 3378126503,
    "T": 1705531891441,
    "m": true,
    "M": true,
    "timestamp": 1705531891.7086477
  },
  {
    "e": "aggTrade",
    "E": 1705531891927,
    "s": "BTCUSDT",
    "a": 2834188853,
    "p": "42664.41000000",
    "q": "0.00219000",
    "f": 3378126505,
    "l": 3378126505,
    "T": 1705531891926,
    "m": false,
    "M": true,
    "timestamp": 1705531892.1765616
  },
  {
    "e": "aggTrade",
    "E": 1705531893829,
    "s": "BTCUSDT",
    "a": 2834188855,
    "p": "42664.40000000",
    "q": "0.00247000",
    "f": 3378126507,
    "l": 3378126507,
    "T": 1705531893828,
    "m": true,
    "M": true,
    "timestamp": 1705531894.244746
  },
  {
    "e": "aggTrade",
    "E": 1705531894079,
    "s": "BTCUSDT",
    "a": 2834188857,
    "p": "42664.41000000",
    "q": "0.08000000",
    "f": 3378126509,
    "l": 3378126509,
    "T": 1705531894076,
    "m": false,
    "M": true,
    "timestamp": 1705531894.336977
  },
  {
    "e": "aggTrade",
    "E": 1705531894080,
    "s": "BTCUSDT",
    "a": 2834188859,
    "p": "42664.41000000",
    "q": "0.16000000",
    "f": 3378126513,
    "l": 3378126513,
    "T": 1705531894076,
    "m": false,
    "M": true,
    "timestamp": 1705531894.3599784
  },
  {
    "e": "aggTrade",
    "E": 1705531894083,
    "s": "BTCUSDT",
    "a": 2834188861,
    "p": "42664.53000000",
    "q": "0.00176000",
    "f": 3378126521,
    "l": 3378126522,
    "T": 1705531894076,
    "m": false,
    "M": true,
    "timestamp": 1705531894.3789778
  },
  {
    "e": "aggTrade",
    "E": 1705531894083,
    "s": "BTCUSDT",
    "a": 2834188863,
    "p": "42664.58000000",
    "q": "0.00043000",
    "f": 3378126525,
    "l": 3378126525,
    "T": 1705531894076,
    "m": false,
    "M": true,
    "timestamp": 1705531894.3969817
  },
  {
    "e": "aggTrade",
    "E": 1705531894083,
    "s": "BTCUSDT",
    "a": 2834188865,
    "p": "42664.90000000",
    "q": "0.11500000",
    "f": 3378126527,
    "l": 3378126527,
    "T": 1705531894076,
    "m": false,
    "M": true,
    "timestamp": 1705531894.4170082
  },
  {
    "e": "aggTrade",
    "E": 1705531894083,
    "s": "BTCUSDT",
    "a": 2834188867,
    "p": "42665.05000000",
    "q": "0.03701000",
    "f": 3378126529,
    "l": 3378126530,
    "T": 1705531894076,
    "m": false,
    "M": true,
    "timestamp": 1705531894.4380095
  },
  {
    "e": "aggTrade",
    "E": 1705531894083,
    "s": "BTCUSDT",
    "a": 2834188869,
    "p": "42665.22000000",
    "q": "0.00013000",
    "f": 3378126532,
    "l": 3378126532,
    "T": 1705531894076,
    "m": false,
    "M": true,
    "timestamp": 1705531894.4600084
  },
  {
    "e": "aggTrade",
    "E": 1705531894083,
    "s": "BTCUSDT",
    "a": 2834188871,
    "p": "42665.39000000",
    "q": "0.00043000",
    "f": 3378126534,
    "l": 3378126534,
    "T": 1705531894076,
    "m": false,
    "M": true,
    "timestamp": 1705531894.484016
  },
  {
    "e": "aggTrade",
    "E": 1705531894083,
    "s": "BTCUSDT",
    "a": 2834188873,
    "p": "42665.41000000",
    "q": "0.00037000",
    "f": 3378126542,
    "l": 3378126542,
    "T": 1705531894076,
    "m": false,
    "M": true,
    "timestamp": 1705531894.506021
  },
  {
    "e": "aggTrade",
    "E": 1705531894083,
    "s": "BTCUSDT",
    "a": 2834188875,
    "p": "42665.66000000",
    "q": "0.00043000",
    "f": 3378126544,
    "l": 3378126544,
    "T": 1705531894076,
    "m": false,
    "M": true,
    "timestamp": 1705531894.524
  },
  {
    "e": "aggTrade",
    "E": 1705531894083,
    "s": "BTCUSDT",
    "a": 2834188877,
    "p": "42665.89000000",
    "q": "0.00013000",
    "f": 3378126546,
    "l": 3378126546,
    "T": 1705531894076,
    "m": false,
    "M": true,
    "timestamp": 1705531894.5400083
  },
  {
    "e": "aggTrade",
    "E": 1705531894083,
    "s": "BTCUSDT",
    "a": 2834188879,
    "p": "42665.93000000",
    "q": "0.00043000",
    "f": 3378126549,
    "l": 3378126549,
    "T": 1705531894076,
    "m": false,
    "M": true,
    "timestamp": 1705531894.586976
  },
  {
    "e": "aggTrade",
    "E": 1705531894083,
    "s": "BTCUSDT",
    "a": 2834188881,
    "p": "42666.00000000",
    "q": "0.10370000",
    "f": 3378126551,
    "l": 3378126551,
    "T": 1705531894076,
    "m": false,
    "M": true,
    "timestamp": 1705531894.6060078
  },
  {
    "e": "aggTrade",
    "E": 1705531894083,
    "s": "BTCUSDT",
    "a": 2834188883,
    "p": "42666.40000000",
    "q": "0.00085000",
    "f": 3378126553,
    "l": 3378126553,
    "T": 1705531894076,
    "m": false,
    "M": true,
    "timestamp": 1705531894.625978
  },
  {
    "e": "aggTrade",
    "E": 1705531894083,
    "s": "BTCUSDT",
    "a": 2834188885,
    "p": "42666.52000000",
    "q": "0.00045000",
    "f": 3378126555,
    "l": 3378126555,
    "T": 1705531894076,
    "m": false,
    "M": true,
    "timestamp": 1705531894.6469767
  },
  {
    "e": "aggTrade",
    "E": 1705531894083,
    "s": "BTCUSDT",
    "a": 2834188887,
    "p": "42666.60000000",
    "q": "0.00020000",
    "f": 3378126557,
    "l": 3378126557,
    "T": 1705531894076,
    "m": false,
    "M": true,
    "timestamp": 1705531894.6663604
  },
  {
    "e": "aggTrade",
    "E": 1705531894083,
    "s": "BTCUSDT",
    "a": 2834188889,
    "p": "42666.67000000",
    "q": "0.00015000",
    "f": 3378126586,
    "l": 3378126586,
    "T": 1705531894076,
    "m": false,
    "M": true,
    "timestamp": 1705531894.685334
  },
  {
    "e": "aggTrade",
    "E": 1705531894086,
    "s": "BTCUSDT",
    "a": 2834188891,
    "p": "42667.00000000",
    "q": "0.70316000",
    "f": 3378126588,
    "l": 3378126588,
    "T": 1705531894077,
    "m": false,
    "M": true,
    "timestamp": 1705531894.7053337
  },
  {
    "e": "aggTrade",
    "E": 1705531894086,
    "s": "BTCUSDT",
    "a": 2834188893,
    "p": "42667.04000000",
    "q": "0.00013000",
    "f": 3378126590,
    "l": 3378126590,
    "T": 1705531894077,
    "m": false,
    "M": true,
    "timestamp": 1705531894.7229915
  },
  {
    "e": "aggTrade",
    "E": 1705531894086,
    "s": "BTCUSDT",
    "a": 2834188895,
    "p": "42667.28000000",
    "q": "0.00043000",
    "f": 3378126592,
    "l": 3378126592,
    "T": 1705531894077,
    "m": false,
    "M": true,
    "timestamp": 1705531894.740992
  },
  {
    "e": "aggTrade",
    "E": 1705531894086,
    "s": "BTCUSDT",
    "a": 2834188897,
    "p": "42667.66000000",
    "q": "0.00326000",
    "f": 3378126594,
    "l": 3378126594,
    "T": 1705531894077,
    "m": false,
    "M": true,
    "timestamp": 1705531894.7619936
  },
  {
    "e": "aggTrade",
    "E": 1705531894086,
    "s": "BTCUSDT",
    "a": 2834188899,
    "p": "42667.82000000",
    "q": "0.00043000",
    "f": 3378126597,
    "l": 3378126597,
    "T": 1705531894077,
    "m": false,
    "M": true,
    "timestamp": 1705531894.7799575
  },
  {
    "e": "aggTrade",
    "E": 1705531894086,
    "s": "BTCUSDT",
    "a": 2834188901,
    "p": "42668.09000000",
    "q": "0.00043000",
    "f": 3378126599,
    "l": 3378126599,
    "T": 1705531894077,
    "m": false,
    "M": true,
    "timestamp": 1705531894.7989898
  },
  {
    "e": "aggTrade",
    "E": 1705531894086,
    "s": "BTCUSDT",
    "a": 2834188903,
    "p": "42668.36000000",
    "q": "0.00043000",
    "f": 3378126601,
    "l": 3378126601,
    "T": 1705531894077,
    "m": false,
    "M": true,
    "timestamp": 1705531894.8189914
  },
  {
    "e": "aggTrade",
    "E": 1705531894086,
    "s": "BTCUSDT",
    "a": 2834188905,
    "p": "42668.63000000",
    "q": "0.00043000",
    "f": 3378126603,
    "l": 3378126603,
    "T": 1705531894077,
    "m": false,
    "M": true,
    "timestamp": 1705531894.8369899
  },
  {
    "e": "aggTrade",
    "E": 1705531894086,
    "s": "BTCUSDT",
    "a": 2834188907,
    "p": "42668.69000000",
    "q": "0.00018000",
    "f": 3378126605,
    "l": 3378126605,
    "T": 1705531894077,
    "m": false,
    "M": true,
    "timestamp": 1705531894.85996
  },
  {
    "e": "aggTrade",
    "E": 1705531894086,
    "s": "BTCUSDT",
    "a": 2834188909,
    "p": "42668.90000000",
    "q": "0.00043000",
    "f": 3378126607,
    "l": 3378126607,
    "T": 1705531894077,
    "m": false,
    "M": true,
    "timestamp": 1705531894.8849974
  },
  {
    "e": "aggTrade",
    "E": 1705531894086,
    "s": "BTCUSDT",
    "a": 2834188911,
    "p": "42668.99000000",
    "q": "0.04023000",
    "f": 3378126609,
    "l": 3378126610,
    "T": 1705531894077,
    "m": false,
    "M": true,
    "timestamp": 1705531894.907959
  },
  {
    "e": "aggTrade",
    "E": 1705531894086,
    "s": "BTCUSDT",
    "a": 2834188913,
    "p": "42669.17000000",
    "q": "0.00043000",
    "f": 3378126612,
    "l": 3378126612,
    "T": 1705531894077,
    "m": false,
    "M": true,
    "timestamp": 1705531894.9359882
  },
  {
    "e": "aggTrade",
    "E": 1705531894086,
    "s": "BTCUSDT",
    "a": 2834188915,
    "p": "42669.23000000",
    "q": "0.00048000",
    "f": 3378126614,
    "l": 3378126614,
    "T": 1705531894077,
    "m": false,
    "M": true,
    "timestamp": 1705531894.95896
  },
  {
    "e": "aggTrade",
    "E": 1705531894086,
    "s": "BTCUSDT",
    "a": 2834188917,
    "p": "42669.26000000",
    "q": "0.00013000",
    "f": 3378126616,
    "l": 3378126616,
    "T": 1705531894077,
    "m": false,
    "M": true,
    "timestamp": 1705531894.9799592
  },
  {
    "e": "aggTrade",
    "E": 1705531894086,
    "s": "BTCUSDT",
    "a": 2834188919,
    "p": "42669.35000000",
    "q": "0.00019000",
    "f": 3378126618,
    "l": 3378126618,
    "T": 1705531894077,
    "m": false,
    "M": true,
    "timestamp": 1705531895.0019588
  },
  {
    "e": "aggTrade",
    "E": 1705531894086,
    "s": "BTCUSDT",
    "a": 2834188921,
    "p": "42669.39000000",
    "q": "0.00017000",
    "f": 3378126620,
    "l": 3378126620,
    "T": 1705531894077,
    "m": false,
    "M": true,
    "timestamp": 1705531895.0239902
  },
  {
    "e": "aggTrade",
    "E": 1705531894086,
    "s": "BTCUSDT",
    "a": 2834188923,
    "p": "42669.44000000",
    "q": "0.00043000",
    "f": 3378126623,
    "l": 3378126623,
    "T": 1705531894077,
    "m": false,
    "M": true,
    "timestamp": 1705531895.1179583
  },
  {
    "e": "aggTrade",
    "E": 1705531894086,
    "s": "BTCUSDT",
    "a": 2834188925,
    "p": "42669.74000000",
    "q": "0.04720000",
    "f": 3378126625,
    "l": 3378126625,
    "T": 1705531894077,
    "m": false,
    "M": true,
    "timestamp": 1705531895.1439579
  },
  {
    "e": "aggTrade",
    "E": 1705531894086,
    "s": "BTCUSDT",
    "a": 2834188927,
    "p": "42669.99000000",
    "q": "0.00025000",
    "f": 3378126627,
    "l": 3378126627,
    "T": 1705531894077,
    "m": false,
    "M": true,
    "timestamp": 1705531895.1659596
  },
  {
    "e": "aggTrade",
    "E": 1705531894086,
    "s": "BTCUSDT",
