[
    {
        "topic": "publicTrade.BTCUSDT",
        "type": "snapshot",
        "ts": 1712071467270,
        "data": [
            {
                "T": 1712071467269,
                "s": "BTCUSDT",
                "S": "Buy",
                "v": "0.008",
                "p": "65973.30",
                "L": "ZeroPlusTick",
                "i": "123df551-fc01-520f-befe-c4d632f3e710",
                "BT": false
            }
        ],
        "_doc": "9ad766f6-9094-4654-b218-7b6aedea96eb"
    },
    {
        "topic": "publicTrade.BTCUSDT",
        "type": "snapshot",
        "ts": 1712071467075,
        "data": [
            {
                "T": 1712071467074,
                "s": "BTCUSDT",
                "S": "Buy",
                "v": "0.005",
                "p": "65973.30",
                "L": "ZeroPlusTick",
                "i": "1d09ec79-af10-5e36-8c31-808f8f26e4e7",
                "BT": false
            }
        ],
        "_doc": "f944b811-9052-4858-8e4a-a9b64a4b2590"
    },
    {
        "topic": "publicTrade.BTCUSDT",
        "type": "snapshot",
        "ts": 1712071466804,
        "data": [
            {
                "T": 1712071466803,
                "s": "BTCUSDT",
                "S": "Buy",
                "v": "0.010",
                "p": "65973.30",
                "L": "ZeroPlusTick",
                "i": "e0407ee2-379c-5bf1-9f74-8fd2681c0848",
                "BT": false
            }
        ],
        "_doc": "9500ef54-5cd6-4659-b406-26af05e1cd43"
    },
    {
        "topic": "publicTrade.BTCUSDT",
        "type": "snapshot",
        "ts": 1712071466476,
        "data": [
            {
                "T": 1712071466474,
                "s": "BTCUSDT",
                "S": "Buy",
                "v": "0.003",
                "p": "65973.30",
                "L": "PlusTick",
                "i": "7d0f35dc-89f7-54f2-bc76-ddee79eaca3a",
                "BT": false
            }
        ],
        "_doc": "422246fd-20b0-4cb6-8068-9f738225fd0b"
    },
    {
        "topic": "publicTrade.BTCUSDT",
        "type": "snapshot",
        "ts": 1712071466475,
        "data": [
            {
                "T": 1712071466474,
                "s": "BTCUSDT",
                "S": "Sell",
                "v": "0.002",
                "p": "65973.20",
                "L": "MinusTick",
                "i": "23f5d844-28b6-5d6a-bc7d-928e7ef54a5c",
                "BT": false
            }
        ],
        "_doc": "c7ce2bf3-6f15-41f0-817a-629bcc89511a"
    },
    {
        "topic": "publicTrade.BTCUSDT",
        "type": "snapshot",
        "ts": 1712071466151,
        "data": [
            {
                "T": 1712071466150,
                "s": "BTCUSDT",
                "S": "Buy",
                "v": "0.010",
                "p": "65973.30",
                "L": "ZeroPlusTick",
                "i": "198d4397-1e33-5904-b055-74d8a9587ae1",
                "BT": false
            }
        ],
        "_doc": "7adcbc2e-9b6d-46bb-972b-98c9a3bd76a9"
    },
    {
        "topic": "publicTrade.BTCUSDT",
        "type": "snapshot",
        "ts": 1712071466095,
        "data": [
            {
                "T": 1712071466093,
                "s": "BTCUSDT",
                "S": "Buy",
                "v": "0.010",
                "p": "65973.30",
                "L": "PlusTick",
                "i": "4b6fddde-e348-5701-9978-c4d26d4cab34",
                "BT": false
            }
        ],
        "_doc": "a835a256-9bd2-43cb-b945-ece4f67d7ee7"
    },
    {
        "topic": "publicTrade.BTCUSDT",
        "type": "snapshot",
        "ts": 1712071464714,
        "data": [
            {
                "T": 1712071464712,
                "s": "BTCUSDT",
                "S": "Sell",
                "v": "0.012",
                "p": "65973.20",
                "L": "MinusTick",
                "i": "1ff58278-d93d-5390-b8df-d3d5ddf84fcc",
                "BT": false
            }
        ],
        "_doc": "e277fd74-9baa-4ace-9828-f659a95bd1a7"
    },
    {
        "topic": "publicTrade.BTCUSDT",
        "type": "snapshot",
        "ts": 1712071464349,
        "data": [
            {
                "T": 1712071464348,
                "s": "BTCUSDT",
                "S": "Buy",
                "v": "0.080",
                "p": "65973.30",
                "L": "ZeroMinusTick",
                "i": "0f170547-cbb1-5823-ad51-fb3bee19242d",
                "BT": false
            }
        ],
        "_doc": "04185d94-0242-4dea-9620-e5b6255216db"
    },
    {
        "topic": "publicTrade.BTCUSDT",
        "type": "snapshot",
        "ts": 1712071464298,
        "data": [
            {
                "T": 1712071464297,
                "s": "BTCUSDT",
                "S": "Buy",
                "v": "0.011",
                "p": "65973.30",
                "L": "ZeroMinusTick",
                "i": "41978e6a-624f-5e6e-9ebf-a8ec224c6951",
                "BT": false
            },
            {
                "T": 1712071464297,
                "s": "BTCUSDT",
                "S": "Buy",
                "v": "0.333",
                "p": "65973.30",
                "L": "ZeroMinusTick",
                "i": "50d49f30-9466-53fd-8e4f-3b9046e3ad66",
                "BT": false
            }
        ],
        "_doc": "cfda8e17-d207-488e-ad3f-99499d85ca5f"
    },
    {
        "topic": "publicTrade.BTCUSDT",
        "type": "snapshot",
        "ts": 1712071464147,
        "data": [
            {
                "T": 1712071464146,
                "s": "BTCUSDT",
                "S": "Buy",
                "v": "0.015",
                "p": "65973.30",
                "L": "ZeroMinusTick",
                "i": "2659a38b-27e4-517a-b033-7443beb6596b",
                "BT": false
            },
            {
                "T": 1712071464146,
                "s": "BTCUSDT",
                "S": "Buy",
                "v": "0.007",
                "p": "65973.30",
                "L": "ZeroMinusTick",
                "i": "02de88da-fa67-595e-8329-a96ba5f2760d",
                "BT": false
            }
        ],
        "_doc": "b7bfc0c6-9707-4f0c-bd64-dbcc9315aa56"
    },
    {
        "topic": "publicTrade.BTCUSDT",
        "type": "snapshot",
        "ts": 1712071462126,
        "data": [
            {
                "T": 1712071462125,
                "s": "BTCUSDT",
                "S": "Buy",
                "v": "0.003",
                "p": "65973.30",
                "L": "ZeroMinusTick",
                "i": "a1979adb-3e9d-5e63-a044-4e0bcbd6357e",
                "BT": false
            }
        ],
        "_doc": "8dc80fbf-9f8c-4ccb-8660-df20aeecf327"
    },
    {
        "topic": "publicTrade.BTCUSDT",
        "type": "snapshot",
        "ts": 1712071461841,
        "data": [
            {
                "T": 1712071461840,
                "s": "BTCUSDT",
                "S": "Buy",
                "v": "0.007",
                "p": "65973.30",
                "L": "MinusTick",
                "i": "3457a144-d14a-5852-aba2-d04e6e5723b5",
                "BT": false
            }
        ],
        "_doc": "42a48c0a-4549-49b0-8857-4455eb684da9"
    },
    {
        "topic": "publicTrade.BTCUSDT",
        "type": "snapshot",
        "ts": 1712071461699,
        "data": [
            {
                "T": 1712071461698,
                "s": "BTCUSDT",
                "S": "Buy",
                "v": "0.060",
                "p": "65974.10",
                "L": "PlusTick",
                "i": "75c1b341-9606-5024-bcad-bda1de38c52d",
                "BT": false
            },
            {
                "T": 1712071461698,
                "s": "BTCUSDT",
                "S": "Buy",
                "v": "0.015",
                "p": "65974.10",
                "L": "ZeroPlusTick",
                "i": "dc6adfcf-ba54-56c7-9c3e-2d11896e0b6c",
                "BT": false
            }
        ],
        "_doc": "8024f0b5-2929-428f-a5a9-a9ae96887f66"
    },
    {
        "topic": "publicTrade.BTCUSDT",
        "type": "snapshot",
        "ts": 1712071461671,
        "data": [
            {
                "T": 1712071461670,
                "s": "BTCUSDT",
                "S": "Buy",
                "v": "0.200",
                "p": "65972.10",
                "L": "PlusTick",
                "i": "66f3b90b-784d-5a7e-9b65-da73cbcdde31",
                "BT": false
            },
            {
                "T": 1712071461670,
                "s": "BTCUSDT",
                "S": "Buy",
                "v": "0.448",
                "p": "65972.10",
                "L": "ZeroPlusTick",
                "i": "792eed83-5aba-5b14-80d9-12a21dbc663c",
                "BT": false
            },
            {
                "T": 1712071461670,
                "s": "BTCUSDT",
                "S": "Buy",
                "v": "0.448",
                "p": "65972.10",
                "L": "ZeroPlusTick",
                "i": "3215d0a0-92c9-5334-aa0d-7f10e088a43b",
                "BT": false
            },
            {
                "T": 1712071461670,
                "s": "BTCUSDT",
                "S": "Buy",
                "v": "0.018",
                "p": "65972.10",
                "L": "ZeroPlusTick",
                "i": "0f3f0949-9134-54d2-aa76-0f639ded6aa4",
                "BT": false
            },
            {
                "T": 1712071461670,
                "s": "BTCUSDT",
                "S": "Buy",
                "v": "0.018",
                "p": "65972.10",
                "L": "ZeroPlusTick",
                "i": "da2e562b-4b3a-59d3-818a-60cfba953b7c",
                "BT": false
            },
            {
                "T": 1712071461670,
                "s": "BTCUSDT",
                "S": "Buy",
                "v": "0.018",
                "p": "65972.10",
                "L": "ZeroPlusTick",
                "i": "0c735885-4c89-5885-9559-6d2878d056be",
                "BT": false
            },
            {
                "T": 1712071461670,
                "s": "BTCUSDT",
                "S": "Buy",
                "v": "0.116",
                "p": "65972.10",
                "L": "ZeroPlusTick",
                "i": "ebc54b4d-ca55-5477-952b-65eeba45cc78",
                "BT": false
            },
            {
                "T": 1712071461670,
                "s": "BTCUSDT",
                "S": "Buy",
                "v": "0.446",
                "p": "65973.20",
                "L": "PlusTick",
                "i": "8b632f5e-a62a-5c35-a589-c5d316e1230a",
                "BT": false
            }
        ],
        "_doc": "49da67a6-10e3-42c7-ab58-d9c6c6786c06"
    },
    {
        "topic": "publicTrade.BTCUSDT",
        "type": "snapshot",
        "ts": 1712071461250,
        "data": [
            {
                "T": 1712071461248,
                "s": "BTCUSDT",
                "S": "Sell",
                "v": "0.002",
                "p": "65972.00",
                "L": "MinusTick",
                "i": "7218509c-d218-56fc-ac0d-ef006faaf183",
                "BT": false
            }
        ],
        "_doc": "bda48a20-854e-4359-b869-0ad7acf69670"
    },
    {
        "topic": "publicTrade.BTCUSDT",
        "type": "snapshot",
        "ts": 1712071461245,
        "data": [
            {
                "T": 1712071461243,
                "s": "BTCUSDT",
                "S": "Buy",
                "v": "0.046",
                "p": "65972.10",
                "L": "PlusTick",
                "i": "f8e33628-1a1d-50ff-a412-92c4f9feb474",
                "BT": false
            }
        ],
        "_doc": "d1056619-4e01-4501-8f18-83d64f18dbec"
    },
    {
        "topic": "publicTrade.BTCUSDT",
        "type": "snapshot",
        "ts": 1712071461087,
        "data": [
            {
                "T": 1712071461086,
                "s": "BTCUSDT",
                "S": "Sell",
                "v": "0.003",
                "p": "65974.10",
                "L": "MinusTick",
                "i": "d8ca45da-ff7d-55a0-ad4f-bf99e58972b0",
                "BT": false
            },
            {
                "T": 1712071461086,
                "s": "BTCUSDT",
                "S": "Sell",
                "v": "0.009",
                "p": "65973.20",
                "L": "MinusTick",
                "i": "e3216cac-9267-5b78-a937-61d17cee2517",
                "BT": false
            },
            {
                "T": 1712071461086,
                "s": "BTCUSDT",
                "S": "Sell",
                "v": "0.003",
                "p": "65972.90",
                "L": "MinusTick",
                "i": "6afd8895-f52c-58df-b29a-5ff7a7c95d9c",
                "BT": false
            },
            {
                "T": 1712071461086,
                "s": "BTCUSDT",
                "S": "Sell",
                "v": "0.036",
                "p": "65972.00",
                "L": "MinusTick",
                "i": "43970cfb-baac-52f1-b7fa-a2975e9a617c",
                "BT": false
            }
        ],
        "_doc": "1170d8ff-9a4c-4d02-a638-a2847f5a944d"
    },
    {
        "topic": "publicTrade.BTCUSDT",
        "type": "snapshot",
        "ts": 1712071461066,
        "data": [
            {
                "T": 1712071461064,
                "s": "BTCUSDT",
                "S": "Sell",
                "v": "0.003",
                "p": "65975.30",
                "L": "MinusTick",
                "i": "fd889a2c-c29a-5092-aadb-72f93dc7e3ea",
                "BT": false
            },
            {
                "T": 1712071461064,
                "s": "BTCUSDT",
                "S": "Sell",
                "v": "0.002",
                "p": "65975.30",
                "L": "ZeroMinusTick",
                "i": "4cb15036-e6cf-5650-8b86-deb35023e9b2",
                "BT": false
            }
        ],
        "_doc": "5f060a09-2d57-4efb-8f70-084df94dfa40"
    },
    {
        "topic": "publicTrade.BTCUSDT",
        "type": "snapshot",
        "ts": 1712071460840,
        "data": [
            {
                "T": 1712071460838,
                "s": "BTCUSDT",
                "S": "Buy",
                "v": "0.016",
                "p": "65975.40",
                "L": "PlusTick",
                "i": "2c6663e6-17f0-5c35-8c64-a7c61b323d0d",
                "BT": false
            }
        ],
        "_doc": "8af63101-4a84-4882-83b7-c3765f59cdeb"
    },
    {
        "topic": "publicTrade.BTCUSDT",
        "type": "snapshot",
        "ts": 1712071460689,
        "data": [
            {
                "T": 1712071460688,
                "s": "BTCUSDT",
                "S": "Sell",
                "v": "0.001",
                "p": "65975.30",
                "L": "MinusTick",
                "i": "aedb4cae-5b7f-5e56-a4ab-8e3dbc0da623",
                "BT": false
            }
        ],
        "_doc": "5ebd0d67-4b2f-4262-b0bc-671d50a091da"
    },
    {
        "topic": "publicTrade.BTCUSDT",
        "type": "snapshot",
        "ts": 1712071460056,
        "data": [
            {
                "T": 1712071460054,
                "s": "BTCUSDT",
                "S": "Buy",
                "v": "0.030",
                "p": "65973.30",
                "L": "ZeroPlusTick",
                "i": "e8b4f450-914b-535d-b28c-a08c4f50dcff",
                "BT": false
            },
            {
                "T": 1712071460054,
                "s": "BTCUSDT",
                "S": "Buy",
                "v": "0.002",
                "p": "65974.90",
                "L": "PlusTick",
                "i": "eea20c71-b0bf-590f-ac18-34e64ca6b2ef",
                "BT": false
            },
            {
                "T": 1712071460054,
                "s": "BTCUSDT",
                "S": "Buy",
                "v": "0.021",
                "p": "65975.40",
                "L": "PlusTick",
                "i": "885da813-ffdc-588c-924c-e00e4aeff32b",
                "BT": false
            }
        ],
        "_doc": "a15d5c37-2b90-43eb-b2ea-4687034601b4"
    },
    {
        "topic": "publicTrade.BTCUSDT",
        "type": "snapshot",
        "ts": 1712071459903,
        "data": [
            {
                "T": 1712071459901,
                "s": "BTCUSDT",
                "S": "Buy",
                "v": "0.010",
                "p": "65973.30",
                "L": "PlusTick",
                "i": "ff862e66-4177-50cd-8e27-0e2cedd948fc",
                "BT": false
            },
            {
                "T": 1712071459901,
                "s": "BTCUSDT",
                "S": "Buy",
                "v": "0.001",
                "p": "65973.30",
                "L": "ZeroPlusTick",
                "i": "87439f82-973d-5093-8d97-d4d680e7bbb0",
                "BT": false
            }
        ],
        "_doc": "df932fc3-4ec1-43bf-a0ca-1ca1a0e118d9"
    },
    {
        "topic": "publicTrade.BTCUSDT",
        "type": "snapshot",
        "ts": 1712071459177,
        "data": [
            {
                "T": 1712071459176,
                "s": "BTCUSDT",
                "S": "Sell",
                "v": "0.045",
                "p": "65973.20",
                "L": "ZeroPlusTick",
                "i": "bb092f70-70f3-5b47-94dc-4b074a8e0a5a",
                "BT": false
            },
            {
                "T": 1712071459176,
                "s": "BTCUSDT",
                "S": "Sell",
                "v": "0.155",
                "p": "65973.20",
                "L": "ZeroPlusTick",
                "i": "9070a156-9fb5-5e5c-b02e-940fe0e2a2ca",
                "BT": false
            }
        ],
        "_doc": "f77acccc-bdf7-41c4-ad05-6f652fe37a6d"
    },
    {
        "topic": "publicTrade.BTCUSDT",
        "type": "snapshot",
        "ts": 1712071459140,
        "data": [
            {
                "T": 1712071459139,
                "s": "BTCUSDT",
                "S": "Sell",
                "v": "0.200",
                "p": "65973.20",
                "L": "PlusTick",
                "i": "028ca225-e2b5-5a98-a83a-92ff1c29fb37",
                "BT": false
            }
        ],
        "_doc": "ed14c8d6-cc01-4293-8705-51f7a1a5e04b"
    },
    {
        "topic": "publicTrade.BTCUSDT",
        "type": "snapshot",
        "ts": 1712071458726,
        "data": [
            {
                "T": 1712071458724,
                "s": "BTCUSDT",
                "S": "Buy",
                "v": "0.018",
                "p": "65970.60",
                "L": "PlusTick",
                "i": "58a06455-6e9d-5567-bed8-5cc25e53c89a",
                "BT": false
            },
            {
                "T": 1712071458724,
                "s": "BTCUSDT",
                "S": "Buy",
                "v": "0.009",
                "p": "65970.60",
                "L": "ZeroPlusTick",
                "i": "67c9d96e-863c-5010-b3e7-3083ed5994c2",
                "BT": false
            }
        ],
        "_doc": "140836f6-31c6-44e0-8437-106ee42ac94b"
    },
    {
        "topic": "publicTrade.BTCUSDT",
        "type": "snapshot",
        "ts": 1712071458676,
        "data": [
            {
                "T": 1712071458674,
                "s": "BTCUSDT",
                "S": "Buy",
                "v": "0.014",
                "p": "65964.50",
                "L": "ZeroPlusTick",
                "i": "3ae46831-0af4-5ecf-af7b-3de81c53c248",
                "BT": false
            }
        ],
        "_doc": "87b77879-0314-48a1-97d7-1b2fa1a5dca0"
    },
    {
        "topic": "publicTrade.BTCUSDT",
        "type": "snapshot",
        "ts": 1712071458671,
        "data": [
            {
                "T": 1712071458669,
                "s": "BTCUSDT",
                "S": "Buy",
                "v": "0.001",
                "p": "65964.50",
                "L": "PlusTick",
                "i": "4373cf6d-ce17-5037-9661-365b505d8399",
                "BT": false
            },
            {
                "T": 1712071458669,
                "s": "BTCUSDT",
                "S": "Buy",
                "v": "0.004",
                "p": "65964.50",
                "L": "ZeroPlusTick",
                "i": "9154ebd7-56b4-5077-b1be-5e851266e4ee",
                "BT": false
            }
        ],
        "_doc": "f70da167-45b3-4a9f-a4c7-74159ce3117a"
    },
    {
        "topic": "publicTrade.BTCUSDT",
        "type": "snapshot",
        "ts": 1712071458663,
        "data": [
            {
                "T": 1712071458662,
                "s": "BTCUSDT",
                "S": "Buy",
                "v": "0.328",
                "p": "65964.00",
                "L": "ZeroPlusTick",
                "i": "570fb88c-c67c-59bb-9ce8-f5d7a8bd35dd",
                "BT": false
            },
            {
                "T": 1712071458662,
                "s": "BTCUSDT",
                "S": "Buy",
                "v": "0.148",
                "p": "65964.00",
                "L": "ZeroPlusTick",
                "i": "5aa8bd74-f5c7-5396-958c-5c3c40a3977b",
                "BT": false
            }
        ],
        "_doc": "b6b83772-a269-48bb-9cb0-a5b48c9bc697"
    },
    {
        "topic": "publicTrade.BTCUSDT",
        "type": "snapshot",
        "ts": 1712071458663,
        "data": [
            {
                "T": 1712071458662,
                "s": "BTCUSDT",
                "S": "Buy",
                "v": "0.169",
                "p": "65964.00",
                "L": "ZeroPlusTick",
                "i": "e2167961-fac2-5982-8672-c762e9e7d424",
                "BT": false
            }
        ],
        "_doc": "e3595cd7-221f-43e6-a18f-651e4ad27bdf"
    },
    {
        "topic": "publicTrade.BTCUSDT",
        "type": "snapshot",
        "ts": 1712071458661,
        "data": [
            {
                "T": 1712071458659,
                "s": "BTCUSDT",
                "S": "Buy",
                "v": "0.006",
                "p": "65964.00",
                "L": "ZeroPlusTick",
                "i": "799171eb-051b-5e43-942a-c5c9ab1881c3",
                "BT": false
            }
        ],
        "_doc": "bb073121-e448-4e06-8b33-aa034ee44c53"
    },
    {
        "topic": "publicTrade.BTCUSDT",
        "type": "snapshot",
        "ts": 1712071458646,
        "data": [
            {
                "T": 1712071458645,
                "s": "BTCUSDT",
                "S": "Buy",
                "v": "0.300",
                "p": "65964.00",
                "L": "ZeroPlusTick",
                "i": "38ff64af-d2c5-5cfd-9ffe-2b5981df885a",
                "BT": false
            },
            {
                "T": 1712071458645,
                "s": "BTCUSDT",
                "S": "Buy",
                "v": "0.058",
                "p": "65964.00",
                "L": "ZeroPlusTick",
                "i": "efe7e416-c935-5d9a-9fa4-1971be21f015",
                "BT": false
            }
        ],
        "_doc": "c35cd5d9-ca2e-4622-82fe-23509308b715"
    },
    {
        "topic": "publicTrade.BTCUSDT",
        "type": "snapshot",
        "ts": 1712071458606,
        "data": [
            {
                "T": 1712071458605,
                "s": "BTCUSDT",
                "S": "Buy",
                "v": "0.013",
                "p": "65964.00",
                "L": "ZeroPlusTick",
                "i": "b8e323ee-abb3-51c0-9d2a-b7075b7f5136",
                "BT": false
            }
        ],
        "_doc": "bf8b9fc8-554f-4f29-aaad-7970f2820368"
    },
    {
        "topic": "publicTrade.BTCUSDT",
        "type": "snapshot",
        "ts": 1712071458606,
        "data": [
            {
                "T": 1712071458604,
                "s": "BTCUSDT",
                "S": "Buy",
                "v": "0.002",
                "p": "65964.00",
                "L": "PlusTick",
                "i": "438dd5a3-e6a0-5260-a1a2-eea51a2d01e7",
                "BT": false
            },
            {
                "T": 1712071458604,
                "s": "BTCUSDT",
                "S": "Buy",
                "v": "0.005",
                "p": "65964.00",
                "L": "ZeroPlusTick",
                "i": "2450da78-74fc-50c9-9409-8289427e4e41",
                "BT": false
            }
        ],
        "_doc": "f92e9499-9644-4b95-8a1f-431ec7db768a"
    },
    {
        "topic": "publicTrade.BTCUSDT",
        "type": "snapshot",
        "ts": 1712071458604,
        "data": [
            {
                "T": 1712071458603,
                "s": "BTCUSDT",
                "S": "Buy",
                "v": "0.185",
                "p": "65962.50",
                "L": "ZeroPlusTick",
                "i": "373fce1b-a292-51ff-b4d6-6b81bf0fbe37",
                "BT": false
            },
            {
                "T": 1712071458603,
                "s": "BTCUSDT",
                "S": "Buy",
                "v": "0.300",
                "p": "65962.50",
                "L": "ZeroPlusTick",
                "i": "8e5244db-9b31-5638-880e-f7a0d0c87ebb",
                "BT": false
            }
        ],
        "_doc": "595012c6-d4ff-4cb0-ba04-26baf146b392"
    },
    {
        "topic": "publicTrade.BTCUSDT",
        "type": "snapshot",
        "ts": 1712071458604,
        "data": [
            {
                "T": 1712071458602,
                "s": "BTCUSDT",
                "S": "Buy",
                "v": "0.200",
                "p": "65962.50",
                "L": "ZeroPlusTick",
                "i": "50a17b65-12b9-5a8f-ad82-da086e839fbf",
                "BT": false
            }
        ],
        "_doc": "1123ffc0-cb31-4824-8f6f-7def668fdb5d"
    },
    {
        "topic": "publicTrade.BTCUSDT",
        "type": "snapshot",
        "ts": 1712071458603,
        "data": [
            {
                "T": 1712071458602,
                "s": "BTCUSDT",
                "S": "Buy",
                "v": "0.276",
                "p": "65962.50",
                "L": "ZeroPlusTick",
                "i": "6c0aeec1-9daa-5cd9-90fb-3ba90c4dfee4",
                "BT": false
            }
        ],
        "_doc": "4edf1b50-713f-46ce-935b-f0165fd3e357"
    },
    {
        "topic": "publicTrade.BTCUSDT",
        "type": "snapshot",
        "ts": 1712071458426,
        "data": [
            {
                "T": 1712071458425,
                "s": "BTCUSDT",
                "S": "Buy",
                "v": "0.030",
                "p": "65962.50",
                "L": "ZeroPlusTick",
                "i": "a2011041-b756-532c-bdfc-f2c37c30ecd5",
                "BT": false
            },
            {
                "T": 1712071458425,
                "s": "BTCUSDT",
                "S": "Buy",
                "v": "0.062",
                "p": "65962.50",
                "L": "ZeroPlusTick",
                "i": "264755b2-ca85-51a9-9cff-6eabd9caea28",
                "BT": false
            }
        ],
        "_doc": "5540dc6d-9a39-4178-82ac-1693a694ef8a"
    },
    {
        "topic": "publicTrade.BTCUSDT",
        "type": "snapshot",
        "ts": 1712071458252,
        "data": [
            {
                "T": 1712071458250,
                "s": "BTCUSDT",
                "S": "Buy",
                "v": "0.031",
                "p": "65962.50",
                "L": "PlusTick",
                "i": "d926c403-47e1-50f9-8ba6-a5c4696ef5fe",
                "BT": false
            },
            {
                "T": 1712071458250,
                "s": "BTCUSDT",
                "S": "Buy",
                "v": "0.071",
                "p": "65962.50",
                "L": "ZeroPlusTick",
                "i": "32c6a308-394b-5b2f-ba3a-69fa1e637c89",
                "BT": false
            },
            {
                "T": 1712071458250,
                "s": "BTCUSDT",
                "S": "Buy",
                "v": "0.001",
                "p": "65962.50",
                "L": "ZeroPlusTick",
                "i": "cf6e8ba2-3f57-5872-a926-308171055826",
                "BT": false
            }
        ],
        "_doc": "e08e8445-ee4d-4b29-832c-7354815d8ae7"
    },
    {
        "topic": "publicTrade.BTCUSDT",
        "type": "snapshot",
        "ts": 1712071457876,
        "data": [
            {
                "T": 1712071457875,
                "s": "BTCUSDT",
                "S": "Buy",
                "v": "0.018",
                "p": "65962.20",
                "L": "PlusTick",
                "i": "ce4443e3-20cc-5aa5-8376-03b7acc88ea3",
                "BT": false
            }
        ],
        "_doc": "bb16905a-5707-4e9f-b92d-6b9516208f3a"
    },
    {
        "topic": "publicTrade.BTCUSDT",
        "type": "snapshot",
        "ts": 1712071457771,
        "data": [
            {
                "T": 1712071457769,
                "s": "BTCUSDT",
                "S": "Sell",
                "v": "0.127",
                "p": "65955.80",
                "L": "ZeroPlusTick",
                "i": "b834b00e-8f76-5735-8bc4-6bdcdb85c797",
                "BT": false
            }
        ],
        "_doc": "85eaa0dd-897a-48ea-a50d-5ef430533f58"
    },
    {
        "topic": "publicTrade.BTCUSDT",
        "type": "snapshot",
        "ts": 1712071457620,
        "data": [
            {
                "T": 1712071457618,
                "s": "BTCUSDT",
                "S": "Sell",
                "v": "0.005",
                "p": "65955.80",
                "L": "PlusTick",
                "i": "6c20cd0d-dcb8-5d66-a1fe-35c84fd590e8",
                "BT": false
            },
            {
                "T": 1712071457618,
                "s": "BTCUSDT",
                "S": "Sell",
                "v": "0.122",
                "p": "65955.80",
                "L": "ZeroPlusTick",
                "i": "98a0bf15-907a-5f1d-bddf-1d4ccc4a3913",
                "BT": false
            }
        ],
        "_doc": "e5d1ede3-d7de-446a-b5d8-1f5df15ca702"
    },
    {
        "topic": "publicTrade.BTCUSDT",
        "type": "snapshot",
        "ts": 1712071457616,
        "data": [
            {
                "T": 1712071457615,
                "s": "BTCUSDT",
                "S": "Buy",
                "v": "0.010",
                "p": "65953.60",
                "L": "MinusTick",
                "i": "1531d081-fa68-5226-8afe-6898ad5e9899",
                "BT": false
            }
        ],
        "_doc": "1657b1b8-cce1-40f9-8065-9fb7e9ffe8a9"
    },
    {
        "topic": "publicTrade.BTCUSDT",
        "type": "snapshot",
        "ts": 1712071457602,
        "data": [
            {
                "T": 1712071457600,
                "s": "BTCUSDT",
                "S": "Buy",
                "v": "0.068",
                "p": "65953.60",
                "L": "ZeroPlusTick",
                "i": "146f20be-6b97-56eb-bfe1-3beca952bcf3",
                "BT": false
            },
            {
                "T": 1712071457600,
                "s": "BTCUSDT",
                "S": "Buy",
                "v": "0.667",
                "p": "65953.60",
                "L": "ZeroPlusTick",
                "i": "78628e10-a346-5022-89c1-750bdd7c8eef",
                "BT": false
            },
            {
                "T": 1712071457600,
                "s": "BTCUSDT",
                "S": "Buy",
                "v": "0.150",
                "p": "65953.60",
                "L": "ZeroPlusTick",
                "i": "66471bc9-304b-5716-9d60-ab0f099b5b84",
                "BT": false
            },
            {
                "T": 1712071457600,
                "s": "BTCUSDT",
                "S": "Buy",
                "v": "0.100",
                "p": "65953.60",
                "L": "ZeroPlusTick",
                "i": "06d9be2c-b717-592f-9869-2d8a41d439f6",
                "BT": false
            },
            {
                "T": 1712071457600,
                "s": "BTCUSDT",
                "S": "Buy",
                "v": "0.051",
                "p": "65953.60",
                "L": "ZeroPlusTick",
                "i": "353a6353-3c07-5756-8fa4-34c79ed55852",
                "BT": false
            },
            {
                "T": 1712071457600,
                "s": "BTCUSDT",
                "S": "Buy",
                "v": "0.005",
                "p": "65953.60",
                "L": "ZeroPlusTick",
                "i": "09132d1e-7096-5292-b286-909950f95104",
                "BT": false
            },
            {
                "T": 1712071457600,
                "s": "BTCUSDT",
                "S": "Buy",
                "v": "0.018",
                "p": "65953.60",
                "L": "ZeroPlusTick",
                "i": "61af782e-90f5-524c-a247-db865ff7a5d8",
                "BT": false
            },
            {
                "T": 1712071457600,
                "s": "BTCUSDT",
                "S": "Buy",
                "v": "0.018",
                "p": "65953.60",
                "L": "ZeroPlusTick",
                "i": "3d890539-3cae-50b0-a773-5784e15b148b",
                "BT": false
            },
            {
                "T": 1712071457600,
                "s": "BTCUSDT",
                "S": "Buy",
                "v": "0.002",
                "p": "65953.60",
                "L": "ZeroPlusTick",
                "i": "95050c99-2be5-55ba-ba8c-26919cbc8a9c",
                "BT": false
            },
            {
                "T": 1712071457600,
                "s": "BTCUSDT",
                "S": "Buy",
                "v": "0.018",
                "p": "65953.60",
                "L": "ZeroPlusTick",
                "i": "a0d96582-aff9-58a0-be4e-61cca4dc6d64",
                "BT": false
            },
            {
                "T": 1712071457600,
                "s": "BTCUSDT",
                "S": "Buy",
                "v": "0.072",
                "p": "65953.60",
                "L": "ZeroPlusTick",
                "i": "2dd4892e-db0a-5ff7-bf25-11568157ccf3",
                "BT": false
            },
            {
                "T": 1712071457600,
                "s": "BTCUSDT",
                "S": "Buy",
                "v": "0.003",
                "p": "65953.70",
                "L": "PlusTick",
                "i": "ab1fbf34-7c21-52cd-9e55-55f3993624d3",
                "BT": false
            },
            {
                "T": 1712071457600,
                "s": "BTCUSDT",
                "S": "Buy",
                "v": "0.001",
                "p": "65954.00",
                "L": "PlusTick",
                "i": "2cbcc10e-ddb0-5c67-ada5-d266c55723d5",
                "BT": false
            },
            {
                "T": 1712071457600,
                "s": "BTCUSDT",
                "S": "Buy",
                "v": "0.018",
                "p": "65954.00",
                "L": "ZeroPlusTick",
                "i": "275584f3-eb2a-5e9e-8747-ad3527fe5e6f",
                "BT": false
            },
            {
                "T": 1712071457600,
                "s": "BTCUSDT",
                "S": "Buy",
                "v": "0.003",
                "p": "65954.90",
                "L": "PlusTick",
                "i": "b4f4bb4f-1588-5249-8466-505f15780bd7",
                "BT": false
            },
            {
                "T": 1712071457600,
                "s": "BTCUSDT",
                "S": "Buy",
                "v": "0.076",
                "p": "65956.00",
                "L": "PlusTick",
                "i": "02e8d9f6-f726-5277-80d4-d10f54c7941e",
                "BT": false
            },
            {
                "T": 1712071457600,
                "s": "BTCUSDT",
                "S": "Buy",
                "v": "0.076",
                "p": "65956.00",
                "L": "ZeroPlusTick",
                "i": "f8ef9283-c93a-5d29-a71e-5723810a2e87",
                "BT": false
            },
            {
                "T": 1712071457600,
                "s": "BTCUSDT",
                "S": "Buy",
                "v": "0.138",
                "p": "65956.00",
                "L": "ZeroPlusTick",
                "i": "62c01e2e-84f6-5e44-bc6d-ec47cc992985",
                "BT": false
            },
            {
                "T": 1712071457600,
                "s": "BTCUSDT",
                "S": "Buy",
                "v": "0.003",
                "p": "65956.10",
                "L": "PlusTick",
                "i": "b981c8a9-a378-5541-9e3d-8905578bae3f",
                "BT": false
            },
            {
                "T": 1712071457600,
                "s": "BTCUSDT",
                "S": "Buy",
                "v": "0.076",
                "p": "65956.20",
                "L": "PlusTick",
                "i": "766879e6-7f36-5266-a749-950f49f041a3",
                "BT": false
            },
            {
                "T": 1712071457600,
                "s": "BTCUSDT",
                "S": "Buy",
                "v": "0.076",
                "p": "65956.30",
                "L": "PlusTick",
                "i": "55d485cc-ba91-5fc6-b680-dee2afcca9f1",
                "BT": false
            },
            {
                "T": 1712071457600,
                "s": "BTCUSDT",
                "S": "Buy",
                "v": "0.075",
                "p": "65956.50",
                "L": "PlusTick",
                "i": "c38d0f74-e43e-59a2-9163-f23e7c3f90b8",
                "BT": false
            },
            {
                "T": 1712071457600,
                "s": "BTCUSDT",
                "S": "Buy",
                "v": "0.076",
                "p": "65956.60",
                "L": "PlusTick",
                "i": "6dd3f80b-8909-5263-bb1c-74570a1576e2",
                "BT": false
            },
            {
                "T": 1712071457600,
                "s": "BTCUSDT",
                "S": "Buy",
                "v": "0.003",
                "p": "65957.30",
                "L": "PlusTick",
                "i": "ccf8ab34-07fc-59f2-9ddd-83ef4092c0f2",
                "BT": false
            },
            {
                "T": 1712071457600,
                "s": "BTCUSDT",
                "S": "Buy",
                "v": "0.082",
                "p": "65958.10",
                "L": "PlusTick",
                "i": "a5ba5fb9-0f27-52ae-8f22-a60086430c8d",
                "BT": false
            },
            {
                "T": 1712071457600,
                "s": "BTCUSDT",
                "S": "Buy",
                "v": "0.015",
                "p": "65958.20",
                "L": "PlusTick",
                "i": "7fb7d87b-3f9f-5010-9402-87b453dc3dc2",
                "BT": false
            },
            {
                "T": 1712071457600,
                "s": "BTCUSDT",
                "S": "Buy",
                "v": "0.031",
                "p": "65958.40",
                "L": "PlusTick",
                "i": "f601d525-8fc6-5196-9118-97675c0a06c7",
                "BT": false
            },
            {
                "T": 1712071457600,
                "s": "BTCUSDT",
                "S": "Buy",
                "v": "0.015",
                "p": "65958.70",
                "L": "PlusTick",
                "i": "431ea658-12f8-544c-a067-38f2db78044f",
                "BT": false
            },
            {
                "T": 1712071457600,
                "s": "BTCUSDT",
                "S": "Buy",
                "v": "0.816",
                "p": "65958.90",
                "L": "PlusTick",
                "i": "87bae50b-81aa-57f4-99d9-27499399fc59",
                "BT": false
            },
            {
                "T": 1712071457600,
                "s": "BTCUSDT",
                "S": "Buy",
                "v": "0.446",
                "p": "65959.00",
                "L": "PlusTick",
                "i": "e6496a8a-4afb-5968-9d09-b4450aabca64",
                "BT": false
            },
            {
                "T": 1712071457600,
                "s": "BTCUSDT",
                "S": "Buy",
                "v": "0.018",
                "p": "65959.90",
                "L": "PlusTick",
                "i": "d50fd7cb-f096-54d5-b118-2d1e3c12e31f",
                "BT": false
            },
            {
                "T": 1712071457600,
                "s": "BTCUSDT",
                "S": "Buy",
                "v": "0.138",
                "p": "65960.00",
                "L": "PlusTick",
                "i": "1ba22447-1b67-5a31-ad7a-26e806193873",
                "BT": false
            },
            {
                "T": 1712071457600,
                "s": "BTCUSDT",
                "S": "Buy",
                "v": "0.079",
                "p": "65960.00",
                "L": "ZeroPlusTick",
                "i": "09c9fdbe-e708-5840-95fe-1103b1643925",
                "BT": false
            },
            {
                "T": 1712071457600,
                "s": "BTCUSDT",
                "S": "Buy",
                "v": "0.015",
                "p": "65960.20",
                "L": "PlusTick",
                "i": "1d26ee77-d808-514c-8b7a-220125e600ce",
                "BT": false
            },
            {
                "T": 1712071457600,
                "s": "BTCUSDT",
                "S": "Buy",
                "v": "0.650",
                "p": "65960.20",
                "L": "ZeroPlusTick",
                "i": "3bc506f3-5dd2-5cf0-b2dc-b5834246e657",
                "BT": false
            },
            {
                "T": 1712071457600,
                "s": "BTCUSDT",
                "S": "Buy",
                "v": "0.368",
                "p": "65960.20",
                "L": "ZeroPlusTick",
                "i": "f3004e39-2c06-5847-b886-1a27210e9e94",
                "BT": false
            },
            {
                "T": 1712071457600,
                "s": "BTCUSDT",
                "S": "Buy",
                "v": "0.101",
                "p": "65960.50",
                "L": "PlusTick",
                "i": "1a3cab8c-5358-5fbd-b59f-97d695361e07",
                "BT": false
            },
            {
                "T": 1712071457600,
                "s": "BTCUSDT",
                "S": "Buy",
                "v": "0.065",
                "p": "65960.80",
                "L": "PlusTick",
                "i": "e5d28139-cf19-5f1a-ba62-366ea9dbfb8e",
                "BT": false
            },
            {
                "T": 1712071457600,
                "s": "BTCUSDT",
                "S": "Buy",
                "v": "0.095",
                "p": "65961.10",
                "L": "PlusTick",
                "i": "a64d0b17-1c1d-5db7-bb44-a20efe97b58c",
                "BT": false
            }
        ],
        "_doc": "dbd6d188-16f5-4678-9877-9f1dceaf609b"
    },
    {
        "topic": "publicTrade.BTCUSDT",
        "type": "snapshot",
        "ts": 1712071457079,
        "data": [
            {
                "T": 1712071457077,
                "s": "BTCUSDT",
                "S": "Buy",
                "v": "0.007",
                "p": "65953.60",
                "L": "PlusTick",
                "i": "331d6135-104a-5f3a-ab98-83de8bc54d27",
                "BT": false
            }
        ],
        "_doc": "4cc5c7ea-dd53-4b07-bc4a-b27ce33d98fc"
    },
    {
        "topic": "publicTrade.BTCUSDT",
        "type": "snapshot",
        "ts": 1712071456995,
        "data": [
            {
                "T": 1712071456994,
                "s": "BTCUSDT",
                "S": "Buy",
                "v": "0.018",
                "p": "65952.90",
                "L": "PlusTick",
                "i": "5059f207-7d30-55c7-a492-305c877ddc9b",
                "BT": false
            },
            {
                "T": 1712071456994,
                "s": "BTCUSDT",
                "S": "Buy",
                "v": "0.011",
                "p": "65953.20",
                "L": "PlusTick",
                "i": "c356057b-b057-5404-bd8e-bcc5b423e21d",
                "BT": false
            }
        ],
        "_doc": "a147e2b8-cd7a-4af1-81dc-f30aa3593506"
    },
    {
        "topic": "publicTrade.BTCUSDT",
        "type": "snapshot",
        "ts": 1712071456986,
        "data": [
            {
                "T": 1712071456984,
                "s": "BTCUSDT",
                "S": "Buy",
                "v": "0.010",
                "p": "65947.60",
                "L": "ZeroPlusTick",
                "i": "28eea957-5e6d-5b2b-a66a-380046e1349a",
                "BT": false
            },
            {
                "T": 1712071456984,
                "s": "BTCUSDT",
                "S": "Buy",
                "v": "0.010",
                "p": "65947.60",
                "L": "ZeroPlusTick",
                "i": "1ed3e2e4-14c0-566d-85ab-c455ed540706",
                "BT": false
            }
        ],
        "_doc": "a5575598-4910-4b76-b285-6e5b3e1786ee"
    },
    {
        "topic": "publicTrade.BTCPERP",
        "type": "snapshot",
        "ts": 1712071456747,
        "data": [
            {
                "T": 1712071456745,
                "s": "BTCPERP",
                "S": "Buy",
                "v": "0.001",
                "p": "65948.80",
                "L": "MinusTick",
                "i": "037b3b50-25a6-5f5e-a3db-ff022137d3a4",
                "BT": false
            }
        ],
        "_doc": "9dd53539-295c-42ad-9fb9-a96b8869d04c"
    },
    {
        "topic": "publicTrade.BTCUSDT",
        "type": "snapshot",
        "ts": 1712071456743,
        "data": [
            {
                "T": 1712071456742,
                "s": "BTCUSDT",
                "S": "Buy",
                "v": "0.001",
                "p": "65947.60",
                "L": "ZeroPlusTick",
                "i": "c570eb56-ad45-53f5-af16-6fa673fe7749",
                "BT": false
            }
        ],
        "_doc": "d292a889-328d-48f7-986f-2364250f6882"
    },
    {
        "topic": "publicTrade.BTCUSDT",
        "type": "snapshot",
        "ts": 1712071456599,
        "data": [
            {
                "T": 1712071456598,
                "s": "BTCUSDT",
                "S": "Buy",
                "v": "0.008",
                "p": "65947.60",
                "L": "ZeroPlusTick",
                "i": "b2707424-cba0-50c9-8cf7-2d8de90163ac",
                "BT": false
            }
        ],
        "_doc": "451cdc50-2f0d-4ab1-aaa7-f5a242c67445"
    },
    {
        "topic": "publicTrade.BTCUSDT",
        "type": "snapshot",
        "ts": 1712071456552,
        "data": [
            {
                "T": 1712071456550,
                "s": "BTCUSDT",
                "S": "Buy",
                "v": "0.001",
                "p": "65947.60",
                "L": "PlusTick",
                "i": "0efecd2a-baae-55b8-bc4a-fa121947d78c",
                "BT": false
            }
        ],
        "_doc": "4367e5a1-d45d-4110-8fe4-142e5e2cc6bc"
    },
    {
        "topic": "publicTrade.BTCUSDT",
        "type": "snapshot",
        "ts": 1712071456212,
        "data": [
            {
                "T": 1712071456211,
                "s": "BTCUSDT",
                "S": "Sell",
                "v": "0.007",
                "p": "65947.50",
                "L": "MinusTick",
                "i": "5e15d584-2a66-55a4-9fd8-c7e30c4e70cb",
                "BT": false
            }
        ],
        "_doc": "671df215-d115-4e95-9b87-16fa6b9fb6b3"
    },
    {
        "topic": "publicTrade.BTCUSDT",
        "type": "snapshot",
        "ts": 1712071456167,
        "data": [
            {
                "T": 1712071456165,
                "s": "BTCUSDT",
                "S": "Buy",
                "v": "0.003",
                "p": "65947.60",
                "L": "ZeroMinusTick",
                "i": "dab36b00-fd40-56f3-8d27-25c9db09b1f6",
                "BT": false
            }
        ],
        "_doc": "5dc0ccea-1190-49d9-8d53-89586444bcd8"
    },
    {
        "topic": "publicTrade.BTCUSDT",
        "type": "snapshot",
        "ts": 1712071455872,
        "data": [
            {
                "T": 1712071455871,
                "s": "BTCUSDT",
                "S": "Buy",
                "v": "0.059",
                "p": "65947.60",
                "L": "ZeroMinusTick",
                "i": "8900b4f0-069d-5622-bb8f-c5ac04815be4",
                "BT": false
            },
            {
                "T": 1712071455871,
                "s": "BTCUSDT",
                "S": "Buy",
                "v": "0.182",
                "p": "65947.60",
                "L": "ZeroMinusTick",
                "i": "be7852c2-588d-56f5-b2be-c9410b665e18",
                "BT": false
            },
            {
                "T": 1712071455871,
                "s": "BTCUSDT",
                "S": "Buy",
                "v": "0.245",
                "p": "65947.60",
                "L": "ZeroMinusTick",
                "i": "f2389239-6921-5d4d-befc-75ddc528bff2",
                "BT": false
            },
            {
                "T": 1712071455871,
                "s": "BTCUSDT",
                "S": "Buy",
                "v": "0.007",
                "p": "65947.60",
                "L": "ZeroMinusTick",
                "i": "7a10c046-05f9-5f9e-994b-fbfde179cf5c",
                "BT": false
            }
        ],
        "_doc": "44227c23-42d1-4348-8f0e-bf3272676505"
    },
    {
        "topic": "publicTrade.BTCUSDT",
        "type": "snapshot",
        "ts": 1712071455765,
        "data": [
            {
                "T": 1712071455764,
                "s": "BTCUSDT",
                "S": "Buy",
                "v": "0.001",
                "p": "65947.60",
                "L": "MinusTick",
                "i": "32991e6e-e000-5f0e-a453-a3382291fa63",
                "BT": false
            }
        ],
        "_doc": "42cd4941-cb2d-44a4-9f64-c2d2bf2d5df4"
    },
    {
        "topic": "publicTrade.BTCUSDT",
        "type": "snapshot",
        "ts": 1712071455699,
        "data": [
            {
                "T": 1712071455697,
                "s": "BTCUSDT",
                "S": "Sell",
                "v": "0.001",
                "p": "65948.00",
                "L": "MinusTick",
                "i": "0199e441-079f-5aaf-9089-588e7e94bcc9",
                "BT": false
            },
            {
                "T": 1712071455697,
                "s": "BTCUSDT",
                "S": "Sell",
                "v": "0.002",
                "p": "65948.00",
                "L": "ZeroMinusTick",
                "i": "d68d00ca-7aaa-591c-8eaf-9cbd1e32804a",
                "BT": false
            }
        ],
        "_doc": "5796ce85-22f6-4607-b195-fdd6f11c719e"
    },
    {
        "topic": "publicTrade.BTCUSDT",
        "type": "snapshot",
        "ts": 1712071455662,
        "data": [
            {
                "T": 1712071455660,
                "s": "BTCUSDT",
                "S": "Sell",
                "v": "0.022",
                "p": "65952.80",
                "L": "ZeroMinusTick",
                "i": "d6d8632a-7e62-5d52-8f6c-15957691cec6",
                "BT": false
            }
        ],
        "_doc": "0b298412-358f-431c-9092-e81aaf461e57"
    },
    {
        "topic": "publicTrade.BTCUSDT",
        "type": "snapshot",
        "ts": 1712071455661,
        "data": [
            {
                "T": 1712071455660,
                "s": "BTCUSDT",
                "S": "Sell",
                "v": "0.017",
                "p": "65952.80",
                "L": "ZeroMinusTick",
                "i": "67b5523d-fdbc-5b66-a57a-9f2b0c0f6eda",
                "BT": false
            },
            {
                "T": 1712071455660,
                "s": "BTCUSDT",
                "S": "Sell",
                "v": "0.043",
                "p": "65952.80",
                "L": "ZeroMinusTick",
                "i": "31c8051c-e539-51fe-bcbd-32290ee0a909",
                "BT": false
            }
        ],
        "_doc": "82428553-d045-481d-9641-054e9444e96b"
    },
    {
        "topic": "publicTrade.BTCUSDT",
        "type": "snapshot",
        "ts": 1712071455654,
        "data": [
            {
                "T": 1712071455653,
                "s": "BTCUSDT",
                "S": "Sell",
                "v": "0.062",
                "p": "65952.80",
                "L": "ZeroMinusTick",
                "i": "c809e763-950a-5eec-ad00-d6f21515148e",
                "BT": false
            }
        ],
        "_doc": "7d693af3-17a5-4247-b7b0-404305d41221"
    },
    {
        "topic": "publicTrade.BTCUSDT",
        "type": "snapshot",
        "ts": 1712071455653,
        "data": [
            {
                "T": 1712071455652,
                "s": "BTCUSDT",
                "S": "Sell",
                "v": "0.062",
                "p": "65952.80",
                "L": "ZeroMinusTick",
                "i": "0f0434ab-acfd-56e8-aa9d-4794963c7463",
                "BT": false
            }
        ],
        "_doc": "4fe71cd8-5611-41b3-be67-58bf96292094"
    },
    {
        "topic": "publicTrade.BTCUSDT",
        "type": "snapshot",
        "ts": 1712071455646,
        "data": [
            {
                "T": 1712071455644,
                "s": "BTCUSDT",
                "S": "Sell",
                "v": "0.063",
                "p": "65952.80",
                "L": "ZeroMinusTick",
                "i": "c24cf104-ebe7-5259-8609-1e34c82860cb",
                "BT": false
            }
        ],
        "_doc": "546b6558-b060-423f-8b0f-0ca9c084a182"
    },
    {
        "topic": "publicTrade.BTCUSDT",
        "type": "snapshot",
        "ts": 1712071455645,
        "data": [
            {
                "T": 1712071455643,
                "s": "BTCUSDT",
                "S": "Sell",
                "v": "0.060",
                "p": "65952.80",
                "L": "ZeroMinusTick",
                "i": "614c0cb5-21a4-5b7d-9e39-052c33a36967",
                "BT": false
            }
        ],
        "_doc": "862dd50d-c7cd-4834-87c0-83d711c059d7"
    },
    {
        "topic": "publicTrade.BTCUSDT",
        "type": "snapshot",
        "ts": 1712071455637,
        "data": [
            {
                "T": 1712071455636,
                "s": "BTCUSDT",
                "S": "Sell",
                "v": "0.060",
                "p": "65952.80",
                "L": "ZeroMinusTick",
                "i": "4144bb3a-1d06-588b-af2c-fe7361a6c99c",
                "BT": false
            }
        ],
        "_doc": "18d4857d-efa1-46e9-b2e8-43c44d8547ac"
    },
    {
        "topic": "publicTrade.BTCUSDT",
        "type": "snapshot",
        "ts": 1712071455633,
        "data": [
            {
                "T": 1712071455632,
                "s": "BTCUSDT",
                "S": "Sell",
                "v": "0.061",
                "p": "65952.80",
                "L": "ZeroMinusTick",
                "i": "cbb97a74-b7c1-5961-97f0-fb993d1320e3",
                "BT": false
            }
        ],
        "_doc": "a1003b54-f975-43d7-af80-8e0e97e9905b"
    },
    {
        "topic": "publicTrade.BTCUSDT",
        "type": "snapshot",
        "ts": 1712071455623,
        "data": [
            {
                "T": 1712071455622,
                "s": "BTCUSDT",
                "S": "Sell",
                "v": "0.053",
                "p": "65952.80",
                "L": "ZeroMinusTick",
                "i": "73f945f8-b791-5025-8363-eb4ac3f29818",
                "BT": false
            }
        ],
        "_doc": "9c8fc55f-4148-4ec6-9880-efd8e09ade29"
    },
    {
        "topic": "publicTrade.BTCUSDT",
        "type": "snapshot",
        "ts": 1712071455613,
        "data": [
            {
                "T": 1712071455612,
                "s": "BTCUSDT",
                "S": "Sell",
                "v": "0.004",
                "p": "65952.80",
                "L": "ZeroMinusTick",
                "i": "b5ac0b47-c842-5fbd-8f95-3155acd9bf4d",
                "BT": false
            }
        ],
        "_doc": "768db45a-c893-467f-b97c-2418753d2b79"
    },
    {
        "topic": "publicTrade.BTCUSDT",
        "type": "snapshot",
        "ts": 1712071455606,
        "data": [
            {
                "T": 1712071455605,
                "s": "BTCUSDT",
                "S": "Sell",
                "v": "0.010",
                "p": "65952.80",
                "L": "ZeroMinusTick",
                "i": "45580280-d179-5833-aea8-d98f22b50dc6",
                "BT": false
            }
        ],
        "_doc": "5abe7643-bc09-44ae-ac38-163846565500"
    },
    {
        "topic": "publicTrade.BTCUSDT",
        "type": "snapshot",
        "ts": 1712071455606,
        "data": [
            {
                "T": 1712071455605,
                "s": "BTCUSDT",
                "S": "Sell",
                "v": "0.013",
                "p": "65952.80",
                "L": "ZeroMinusTick",
                "i": "b03757ad-ee27-5e10-85cf-0c520b092cc6",
                "BT": false
            }
        ],
        "_doc": "a85a10b0-bb81-475f-9f25-e8ea8e0480d9"
    },
    {
        "topic": "publicTrade.BTCUSDT",
        "type": "snapshot",
        "ts": 1712071455605,
        "data": [
            {
                "T": 1712071455604,
                "s": "BTCUSDT",
                "S": "Sell",
                "v": "0.010",
                "p": "65952.80",
                "L": "ZeroMinusTick",
                "i": "668557e8-fc64-5b76-9f47-3ed949de83c4",
                "BT": false
            },
            {
                "T": 1712071455604,
                "s": "BTCUSDT",
                "S": "Sell",
                "v": "0.004",
                "p": "65952.80",
                "L": "ZeroMinusTick",
                "i": "a05488ab-00c3-52e1-8f2f-7244767db6cf",
                "BT": false
            }
        ],
        "_doc": "6246c2f6-2f25-4ce5-9e9d-0db0ec1cba55"
    },
    {
        "topic": "publicTrade.BTCUSDT",
        "type": "snapshot",
        "ts": 1712071455605,
        "data": [
            {
                "T": 1712071455603,
                "s": "BTCUSDT",
                "S": "Sell",
                "v": "0.010",
                "p": "65952.80",
                "L": "ZeroMinusTick",
                "i": "37fbe880-2366-5e5b-890c-99ed90020311",
                "BT": false
            }
        ],
        "_doc": "f259c77d-0167-47d8-b42c-f9d768c656c1"
    },
    {
        "topic": "publicTrade.BTCUSDT",
        "type": "snapshot",
        "ts": 1712071455605,
        "data": [
            {
                "T": 1712071455603,
                "s": "BTCUSDT",
                "S": "Sell",
                "v": "0.003",
                "p": "65952.80",
                "L": "MinusTick",
                "i": "76284125-984e-5f8b-82ae-42259ce1232b",
                "BT": false
            }
        ],
        "_doc": "baa6cac6-0a8b-4bad-a3a6-7945f9f3e68d"
    },
    {
        "topic": "publicTrade.BTCUSDT",
        "type": "snapshot",
        "ts": 1712071455600,
        "data": [
            {
                "T": 1712071455599,
                "s": "BTCUSDT",
                "S": "Sell",
                "v": "0.050",
                "p": "65954.50",
                "L": "MinusTick",
                "i": "b8a5be5f-65fd-5212-8e17-e2e8b7abb196",
                "BT": false
            }
        ],
        "_doc": "5607b36b-2451-491f-9ca6-0f76571d90ab"
    },
    {
        "topic": "publicTrade.BTCUSDT",
        "type": "snapshot",
        "ts": 1712071455210,
        "data": [
            {
                "T": 1712071455208,
                "s": "BTCUSDT",
                "S": "Buy",
                "v": "0.001",
                "p": "65954.60",
                "L": "MinusTick",
                "i": "38450dc4-051f-533b-bafb-1f23c3e306bb",
                "BT": false
            }
        ],
        "_doc": "55dcc285-d1eb-46ef-8519-d7cfb017b938"
    },
    {
        "topic": "publicTrade.BTCUSDT",
        "type": "snapshot",
        "ts": 1712071454996,
        "data": [
            {
                "T": 1712071454994,
                "s": "BTCUSDT",
                "S": "Sell",
                "v": "0.069",
                "p": "65958.50",
                "L": "ZeroMinusTick",
                "i": "38bbe4b1-50e9-5b1b-9e01-825041dce9df",
                "BT": false
            }
        ],
        "_doc": "ece99dae-91f9-45a4-bf34-36a6396a3d77"
    },
    {
        "topic": "publicTrade.BTCUSDT",
        "type": "snapshot",
        "ts": 1712071454756,
        "data": [
            {
                "T": 1712071454754,
                "s": "BTCUSDT",
                "S": "Sell",
                "v": "0.001",
                "p": "65958.50",
                "L": "MinusTick",
                "i": "aadb7f28-8ab0-5834-931b-e8d8b6d444f7",
                "BT": false
            },
            {
                "T": 1712071454754,
                "s": "BTCUSDT",
                "S": "Sell",
                "v": "0.001",
                "p": "65958.50",
                "L": "ZeroMinusTick",
                "i": "22e9e56e-cc23-5940-9b88-27c988bfb76b",
                "BT": false
            }
        ],
        "_doc": "fd1c18f9-61e9-4ec8-beaa-a7b452cc5460"
    },
    {
        "topic": "publicTrade.BTCUSDT",
        "type": "snapshot",
        "ts": 1712071454736,
        "data": [
            {
                "T": 1712071454734,
                "s": "BTCUSDT",
                "S": "Sell",
                "v": "0.003",
                "p": "65961.10",
                "L": "ZeroMinusTick",
                "i": "83d43fb0-02aa-5374-a3ae-9ee79372b7e9",
                "BT": false
            },
            {
                "T": 1712071454734,
                "s": "BTCUSDT",
                "S": "Sell",
                "v": "0.008",
                "p": "65961.10",
                "L": "ZeroMinusTick",
                "i": "21724cd7-754d-5450-a907-cba0371f0fbc",
                "BT": false
            },
            {
                "T": 1712071454734,
                "s": "BTCUSDT",
                "S": "Sell",
                "v": "0.031",
                "p": "65961.10",
                "L": "ZeroMinusTick",
                "i": "008c215f-1182-5f99-a57d-c188070dda96",
                "BT": false
            }
        ],
        "_doc": "223749d1-aea2-4b89-93b1-b83d2c943f0b"
    },
    {
        "topic": "publicTrade.BTCUSDT",
        "type": "snapshot",
        "ts": 1712071454735,
        "data": [
            {
                "T": 1712071454733,
                "s": "BTCUSDT",
                "S": "Sell",
                "v": "0.020",
                "p": "65961.10",
                "L": "MinusTick",
                "i": "661e7195-f569-50f3-a5ba-c99cb59d297a",
                "BT": false
            }
        ],
        "_doc": "b544c593-c85a-433e-b335-92b95bf97d7c"
    },
    {
        "topic": "publicTrade.BTCUSDT",
        "type": "snapshot",
        "ts": 1712071454734,
        "data": [
            {
                "T": 1712071454733,
                "s": "BTCUSDT",
                "S": "Sell",
                "v": "0.039",
                "p": "65961.40",
                "L": "ZeroMinusTick",
                "i": "b115c907-db58-5264-94e0-410358aabd7d",
                "BT": false
            }
        ],
        "_doc": "ca1d2ce2-0dd9-49b7-862c-83443a0ff990"
    },
    {
        "topic": "publicTrade.BTCUSDT",
        "type": "snapshot",
        "ts": 1712071454734,
        "data": [
            {
                "T": 1712071454733,
                "s": "BTCUSDT",
                "S": "Sell",
                "v": "0.001",
                "p": "65961.40",
                "L": "ZeroMinusTick",
                "i": "081f6f2c-8db2-521a-878e-0387d7574943",
                "BT": false
            }
        ],
        "_doc": "3aab8832-1926-4a0c-bdd0-75ea545abcc7"
    },
    {
        "topic": "publicTrade.BTCUSDT",
        "type": "snapshot",
        "ts": 1712071454734,
        "data": [
            {
                "T": 1712071454733,
                "s": "BTCUSDT",
                "S": "Sell",
                "v": "0.003",
                "p": "65961.40",
                "L": "ZeroMinusTick",
                "i": "8562b258-01ce-5834-8e93-da1e84071aa2",
                "BT": false
            }
        ],
        "_doc": "55651769-7723-4559-8c37-10123e90e51c"
    },
    {
        "topic": "publicTrade.BTCUSDT",
        "type": "snapshot",
        "ts": 1712071454734,
        "data": [
            {
                "T": 1712071454732,
                "s": "BTCUSDT",
                "S": "Sell",
                "v": "0.005",
                "p": "65961.40",
                "L": "MinusTick",
                "i": "c12eea66-6d3e-5691-80fe-79b1a8aedc81",
                "BT": false
            },
            {
                "T": 1712071454732,
                "s": "BTCUSDT",
                "S": "Sell",
                "v": "0.004",
                "p": "65961.40",
                "L": "ZeroMinusTick",
                "i": "25e40335-b674-5cce-89f2-c947bac388b3",
                "BT": false
            }
        ],
        "_doc": "235c7b53-4cf1-4738-a525-e42a04c4ebad"
    },
    {
        "topic": "publicTrade.BTCUSDT",
        "type": "snapshot",
        "ts": 1712071454733,
        "data": [
            {
                "T": 1712071454732,
                "s": "BTCUSDT",
                "S": "Sell",
                "v": "0.011",
                "p": "65962.10",
                "L": "ZeroMinusTick",
                "i": "c1b03179-827d-59fa-a218-4746371d267c",
                "BT": false
            },
            {
                "T": 1712071454732,
                "s": "BTCUSDT",
                "S": "Sell",
                "v": "0.010",
                "p": "65962.10",
                "L": "ZeroMinusTick",
                "i": "3dc0fc38-e740-5045-a730-b909624e041c",
                "BT": false
            },
            {
                "T": 1712071454732,
                "s": "BTCUSDT",
                "S": "Sell",
                "v": "0.020",
                "p": "65962.10",
                "L": "ZeroMinusTick",
                "i": "44506769-4060-5588-accc-1d5baa5d5730",
                "BT": false
            }
        ],
        "_doc": "a130b22e-3e1f-425f-9a95-45b42cb795a7"
    },
    {
        "topic": "publicTrade.BTCUSDT",
        "type": "snapshot",
        "ts": 1712071454733,
        "data": [
            {
                "T": 1712071454731,
                "s": "BTCUSDT",
                "S": "Sell",
                "v": "0.064",
                "p": "65962.10",
                "L": "MinusTick",
                "i": "29854695-df20-5eaf-90f7-4673ccda4b0e",
                "BT": false
            }
        ],
        "_doc": "7f5c1573-cfea-43f9-8942-1f9dbcfcfb07"
    },
    {
        "topic": "publicTrade.BTCUSDT",
        "type": "snapshot",
        "ts": 1712071454419,
        "data": [
            {
                "T": 1712071454418,
                "s": "BTCUSDT",
                "S": "Buy",
                "v": "0.020",
                "p": "65962.20",
                "L": "ZeroMinusTick",
                "i": "52d1c88c-3044-5ba8-9735-19e366afb12c",
                "BT": false
            }
        ],
        "_doc": "f9ba9caa-41b8-4113-9f3a-c6cd39ac7d8a"
    },
    {
        "topic": "publicTrade.BTCUSDT",
        "type": "snapshot",
        "ts": 1712071454153,
        "data": [
            {
                "T": 1712071454152,
                "s": "BTCUSDT",
                "S": "Buy",
                "v": "0.009",
                "p": "65962.20",
                "L": "MinusTick",
                "i": "14b73ea6-fe79-5aee-8473-da4f2069c0cb",
                "BT": false
            }
        ],
        "_doc": "7ce25c26-8321-4e00-94a3-1d957758681c"
    },
    {
        "topic": "publicTrade.BTCUSDT",
        "type": "snapshot",
        "ts": 1712071453893,
        "data": [
            {
                "T": 1712071453892,
                "s": "BTCUSDT",
                "S": "Sell",
                "v": "0.057",
                "p": "65964.10",
                "L": "MinusTick",
                "i": "fe015095-cb19-516e-a651-728c7dac7145",
                "BT": false
            },
            {
                "T": 1712071453892,
                "s": "BTCUSDT",
                "S": "Sell",
                "v": "0.034",
                "p": "65964.10",
                "L": "ZeroMinusTick",
                "i": "faa6b319-b2fd-57fc-b00a-5018c3805822",
                "BT": false
            }
        ],
        "_doc": "b0b7e02b-26e1-4a33-a540-a62c778c83b5"
    },
    {
        "topic": "publicTrade.BTCUSDT",
        "type": "snapshot",
        "ts": 1712071453727,
        "data": [
            {
                "T": 1712071453726,
                "s": "BTCUSDT",
                "S": "Buy",
                "v": "0.003",
                "p": "65964.20",
                "L": "ZeroPlusTick",
                "i": "e08dc84c-1291-54c0-9ebf-a8af58fcb467",
                "BT": false
            },
            {
                "T": 1712071453726,
                "s": "BTCUSDT",
                "S": "Buy",
                "v": "0.010",
                "p": "65964.20",
                "L": "ZeroPlusTick",
                "i": "eb98a506-eced-5d15-af36-2bddc719ac86",
                "BT": false
            },
            {
                "T": 1712071453726,
                "s": "BTCUSDT",
                "S": "Buy",
                "v": "0.019",
                "p": "65964.20",
                "L": "ZeroPlusTick",
                "i": "886402b6-15b5-588f-9507-f4dc7ad81796",
                "BT": false
            },
            {
                "T": 1712071453726,
                "s": "BTCUSDT",
                "S": "Buy",
                "v": "0.006",
                "p": "65964.20",
                "L": "ZeroPlusTick",
                "i": "a9aa999b-179a-5c06-950d-1b32130569a3",
                "BT": false
            }
        ],
        "_doc": "9e4c2aee-d5f2-47a2-b275-a2a731c0da86"
    },
    {
        "topic": "publicTrade.BTCUSDT",
        "type": "snapshot",
        "ts": 1712071453434,
        "data": [
            {
                "T": 1712071453433,
                "s": "BTCUSDT",
                "S": "Buy",
                "v": "0.009",
                "p": "65964.20",
                "L": "PlusTick",
                "i": "5c01dc82-2c2e-51ba-acc3-ed8e73f7ed2f",
                "BT": false
            }
        ],
        "_doc": "94c4671e-fc28-4339-af2e-725862c610c8"
    },
    {
        "topic": "publicTrade.BTCUSDT",
        "type": "snapshot",
        "ts": 1712071453284,
        "data": [
            {
                "T": 1712071453283,
                "s": "BTCUSDT",
                "S": "Sell",
                "v": "0.010",
                "p": "65964.10",
                "L": "ZeroMinusTick",
                "i": "0f0d50bb-8b0d-5673-9282-48a2b42ab689",
                "BT": false
            }
        ],
        "_doc": "59775408-5500-41a7-b089-2555b0583c48"
    },
    {
        "topic": "publicTrade.BTCUSDT",
        "type": "snapshot",
        "ts": 1712071453125,
        "data": [
            {
                "T": 1712071453124,
                "s": "BTCUSDT",
                "S": "Sell",
                "v": "0.005",
                "p": "65964.10",
                "L": "MinusTick",
                "i": "e959efec-1fbe-572f-a725-6d747e4c21da",
                "BT": false
            }
        ],
        "_doc": "1fe18446-1ad4-4b33-96d8-13471ff9162c"
    },
    {
        "topic": "publicTrade.BTCUSDT",
        "type": "snapshot",
        "ts": 1712071452195,
        "data": [
            {
                "T": 1712071452193,
                "s": "BTCUSDT",
                "S": "Buy",
                "v": "0.019",
                "p": "65964.20",
                "L": "ZeroMinusTick",
                "i": "df12b3ee-8b5d-5f42-a0ba-abdf59c33823",
                "BT": false
            },
            {
                "T": 1712071452193,
                "s": "BTCUSDT",
                "S": "Buy",
                "v": "0.006",
                "p": "65964.20",
                "L": "ZeroMinusTick",
                "i": "5886b538-ecec-5f50-a18f-31e03fa8891f",
                "BT": false
            }
        ],
        "_doc": "355414c4-6b8d-46bf-aef9-1a74333775bb"
    },
    {
        "topic": "publicTrade.BTCUSDT",
        "type": "snapshot",
        "ts": 1712071452123,
        "data": [
            {
                "T": 1712071452122,
                "s": "BTCUSDT",
                "S": "Buy",
                "v": "0.124",
                "p": "65964.20",
                "L": "MinusTick",
                "i": "4eabde1e-b5c9-55bd-a4f8-67c0f9219ada",
                "BT": false
            }
        ],
        "_doc": "79885b22-4e21-45ba-a10e-6df0d2f31af9"
    },
    {
        "topic": "publicTrade.BTCUSDT",
        "type": "snapshot",
        "ts": 1712071452004,
        "data": [
            {
                "T": 1712071452003,
                "s": "BTCUSDT",
                "S": "Sell",
                "v": "0.025",
                "p": "65970.50",
                "L": "ZeroMinusTick",
                "i": "ffb830c9-64ed-5311-99f3-a5571a56a2a6",
                "BT": false
            },
            {
                "T": 1712071452003,
                "s": "BTCUSDT",
                "S": "Sell",
                "v": "0.067",
                "p": "65970.50",
                "L": "ZeroMinusTick",
                "i": "582b13e3-c5fa-5a87-a5f5-6c8118cef28a",
                "BT": false
            }
        ],
        "_doc": "0d29436e-ec10-4837-9d16-d4f3e649fecc"
    },
    {
        "topic": "publicTrade.BTCUSDT",
        "type": "snapshot",
        "ts": 1712071451882,
        "data": [
            {
                "T": 1712071451881,
                "s": "BTCUSDT",
                "S": "Sell",
                "v": "0.037",
                "p": "65970.50",
                "L": "ZeroMinusTick",
                "i": "ce9f422e-6909-57bd-9593-d5b7e56d4318",
                "BT": false
            },
            {
                "T": 1712071451881,
                "s": "BTCUSDT",
                "S": "Sell",
                "v": "0.025",
                "p": "65970.50",
                "L": "ZeroMinusTick",
                "i": "4a511a32-8995-537b-bdbb-bee08a3c9037",
                "BT": false
            }
        ],
        "_doc": "1a7250d4-a256-4b70-8b50-814fbad79520"
    },
    {
        "topic": "publicTrade.BTCUSDT",
        "type": "snapshot",
        "ts": 1712071451703,
        "data": [
            {
                "T": 1712071451702,
                "s": "BTCUSDT",
                "S": "Sell",
                "v": "0.076",
                "p": "65972.00",
                "L": "ZeroMinusTick",
                "i": "f41e28bf-fa4a-50b9-aae0-e3ee75defa6e",
                "BT": false
            },
            {
                "T": 1712071451702,
                "s": "BTCUSDT",
                "S": "Sell",
                "v": "0.059",
                "p": "65971.50",
                "L": "MinusTick",
                "i": "1f63d3cf-25f8-5ef0-8688-42eb1a1050ff",
                "BT": false
            },
            {
                "T": 1712071451702,
                "s": "BTCUSDT",
                "S": "Sell",
                "v": "0.013",
                "p": "65970.50",
                "L": "MinusTick",
                "i": "5121f831-e964-5eca-83de-54ff204b4844",
                "BT": false
            }
        ],
        "_doc": "87a5594f-f4e5-4691-99ea-79ffc307182c"
    },
    {
        "topic": "publicTrade.BTCUSDT",
        "type": "snapshot",
        "ts": 1712071451509,
        "data": [
            {
                "T": 1712071451507,
                "s": "BTCUSDT",
                "S": "Sell",
                "v": "0.001",
                "p": "65972.00",
                "L": "MinusTick",
                "i": "167ed9d1-0ff5-55e3-9dc4-624928a5efbb",
                "BT": false
            },
            {
                "T": 1712071451507,
                "s": "BTCUSDT",
                "S": "Sell",
                "v": "0.002",
                "p": "65972.00",
                "L": "ZeroMinusTick",
                "i": "5864f8b0-7594-5ee7-8e52-919f00d26fb2",
                "BT": false
            },
            {
                "T": 1712071451507,
                "s": "BTCUSDT",
                "S": "Sell",
                "v": "0.002",
                "p": "65972.00",
                "L": "ZeroMinusTick",
                "i": "39b9a4c1-5930-5291-9359-b8d51b7c4edd",
                "BT": false
            }
        ],
        "_doc": "8a495d81-225a-4251-903d-49084f82503e"
    },
    {
        "topic": "publicTrade.BTCUSDT",
        "type": "snapshot",
        "ts": 1712071451372,
        "data": [
            {
                "T": 1712071451371,
                "s": "BTCUSDT",
                "S": "Sell",
                "v": "0.003",
                "p": "65979.60",
                "L": "ZeroMinusTick",
                "i": "1a5e3276-f723-52db-b7d2-45eb6ea7fd3f",
                "BT": false
            }
        ],
        "_doc": "5146ea2b-d891-4398-8f43-9c6cde4d687b"
    },
    {
        "topic": "publicTrade.BTCUSDT",
        "type": "snapshot",
        "ts": 1712071451363,
        "data": [
            {
                "T": 1712071451361,
                "s": "BTCUSDT",
                "S": "Sell",
                "v": "0.003",
                "p": "65979.60",
                "L": "MinusTick",
                "i": "522111f3-17f2-50b8-8de3-32e1b016584f",
                "BT": false
            },
            {
                "T": 1712071451361,
                "s": "BTCUSDT",
                "S": "Sell",
                "v": "0.006",
                "p": "65979.60",
                "L": "ZeroMinusTick",
                "i": "f4c56bfb-bf9c-5c75-981d-c397b2c34966",
                "BT": false
            }
        ],
        "_doc": "48b2eb63-df35-496e-95d3-6f8c6706f6a3"
    },
    {
        "topic": "publicTrade.BTCUSDT",
        "type": "snapshot",
        "ts": 1712071451088,
        "data": [
            {
                "T": 1712071451087,
                "s": "BTCUSDT",
                "S": "Buy",
                "v": "0.014",
                "p": "65979.70",
                "L": "PlusTick",
                "i": "eae18c35-a040-5f1f-b759-0f90239abd38",
                "BT": false
            },
            {
                "T": 1712071451087,
                "s": "BTCUSDT",
                "S": "Buy",
                "v": "0.168",
                "p": "65979.70",
                "L": "ZeroPlusTick",
                "i": "9882282e-2f03-5908-8ed4-b207e4d40a05",
                "BT": false
            },
            {
                "T": 1712071451087,
                "s": "BTCUSDT",
                "S": "Buy",
                "v": "0.060",
                "p": "65979.70",
                "L": "ZeroPlusTick",
                "i": "60720ffc-da2b-5b8e-ab5c-4f2f164e856a",
                "BT": false
            },
            {
                "T": 1712071451087,
                "s": "BTCUSDT",
                "S": "Buy",
                "v": "0.039",
                "p": "65979.70",
                "L": "ZeroPlusTick",
                "i": "7536d89e-3844-574f-a312-a492c5203895",
                "BT": false
            }
        ],
        "_doc": "d4ca155a-b07d-4725-92eb-3882078c0943"
    },
    {
        "topic": "publicTrade.BTCUSDT",
        "type": "snapshot",
        "ts": 1712071450382,
        "data": [
            {
                "T": 1712071450380,
                "s": "BTCUSDT",
                "S": "Sell",
                "v": "0.010",
                "p": "65979.60",
                "L": "MinusTick",
                "i": "e55a2ff9-5fee-51be-9a78-11f8a88c8d0d",
                "BT": false
            }
        ],
        "_doc": "8de97420-63bc-490b-ba2f-2a85619b514e"
    },
    {
        "topic": "publicTrade.BTCUSDT",
        "type": "snapshot",
        "ts": 1712071450378,
        "data": [
            {
                "T": 1712071450377,
                "s": "BTCUSDT",
                "S": "Buy",
                "v": "0.001",
                "p": "65979.70",
                "L": "ZeroPlusTick",
                "i": "7c881b23-9b58-5e86-bca5-a804fd8350aa",
                "BT": false
            }
        ],
        "_doc": "d2c85978-10bd-4170-9128-6eb9824f5a4a"
    },
    {
        "topic": "publicTrade.BTCUSDT",
        "type": "snapshot",
        "ts": 1712071450373,
        "data": [
            {
                "T": 1712071450371,
                "s": "BTCUSDT",
                "S": "Buy",
                "v": "0.004",
                "p": "65979.70",
                "L": "ZeroPlusTick",
                "i": "a077a2cb-c9f4-5655-a642-748b04e9c6bc",
                "BT": false
            }
        ],
        "_doc": "8afc0d78-d31e-4a1a-a9df-204e906d143c"
    },
    {
        "topic": "publicTrade.BTCUSDT",
        "type": "snapshot",
        "ts": 1712071450226,
        "data": [
            {
                "T": 1712071450224,
                "s": "BTCUSDT",
                "S": "Buy",
                "v": "0.010",
                "p": "65979.70",
                "L": "PlusTick",
                "i": "960b8525-5465-59fe-9f3a-d76b3cbe7b80",
                "BT": false
            }
        ],
        "_doc": "6b3c7c3a-b071-4a55-9160-5171e4585b3e"
    },
    {
        "topic": "publicTrade.BTCUSDT",
        "type": "snapshot",
        "ts": 1712071449592,
        "data": [
            {
                "T": 1712071449590,
                "s": "BTCUSDT",
                "S": "Sell",
                "v": "0.025",
                "p": "65979.60",
                "L": "ZeroPlusTick",
                "i": "951304b9-88ab-5650-b88d-49976470421c",
                "BT": false
            }
        ],
        "_doc": "6bb1a84a-4489-4687-a5a5-3b0472838408"
    },
    {
        "topic": "publicTrade.BTCUSDT",
        "type": "snapshot",
        "ts": 1712071449583,
        "data": [
            {
                "T": 1712071449582,
                "s": "BTCUSDT",
                "S": "Sell",
                "v": "0.001",
                "p": "65979.60",
                "L": "ZeroPlusTick",
                "i": "0f062fdc-04f3-5bbb-a691-a0bf428bc758",
                "BT": false
            }
        ],
        "_doc": "ec87135b-16a2-42a1-b911-3beb87a986f3"
    },
    {
        "topic": "publicTrade.BTCUSDT",
        "type": "snapshot",
        "ts": 1712071449445,
        "data": [
            {
                "T": 1712071449443,
                "s": "BTCUSDT",
                "S": "Sell",
                "v": "0.116",
                "p": "65979.60",
                "L": "PlusTick",
                "i": "fc68a816-75bb-5904-b26d-7f27cbc7c2bc",
                "BT": false
            }
        ],
        "_doc": "a7faea7f-9582-4870-abf4-b9058ea0a10d"
    },
    {
        "topic": "publicTrade.BTCUSDT",
        "type": "snapshot",
        "ts": 1712071449304,
        "data": [
            {
                "T": 1712071449302,
                "s": "BTCUSDT",
                "S": "Buy",
                "v": "0.075",
                "p": "65977.30",
                "L": "PlusTick",
                "i": "f98b362e-f055-5bb3-b3e8-130370026df0",
                "BT": false
            },
            {
                "T": 1712071449302,
                "s": "BTCUSDT",
                "S": "Buy",
                "v": "0.125",
                "p": "65978.70",
                "L": "PlusTick",
                "i": "894b9b8a-d5ab-5796-b4f0-44819dcaeaed",
                "BT": false
            }
        ],
        "_doc": "7b95fbe7-6918-4a20-b185-208fcb73a34c"
    },
    {
        "topic": "publicTrade.BTCUSDT",
        "type": "snapshot",
        "ts": 1712071449256,
        "data": [
            {
                "T": 1712071449254,
                "s": "BTCUSDT",
                "S": "Buy",
                "v": "0.002",
                "p": "65977.00",
                "L": "PlusTick",
                "i": "d0010a2d-2f30-58ab-bc15-9f4c65a4fcb3",
                "BT": false
            },
            {
                "T": 1712071449254,
                "s": "BTCUSDT",
                "S": "Buy",
                "v": "0.018",
                "p": "65977.20",
                "L": "PlusTick",
                "i": "5d3814b4-af12-5fd2-bf98-ddcedfe35efb",
                "BT": false
            }
        ],
        "_doc": "f09aa0cc-98af-44ff-937f-a928c3a8361d"
    },
    {
        "topic": "publicTrade.BTCUSDT",
        "type": "snapshot",
        "ts": 1712071449238,
        "data": [
            {
                "T": 1712071449236,
                "s": "BTCUSDT",
                "S": "Buy",
                "v": "0.012",
                "p": "65973.80",
                "L": "ZeroPlusTick",
                "i": "7db08dc5-6258-5556-a269-ddc45a6c99ab",
                "BT": false
            }
        ],
        "_doc": "1d542f11-be9c-4a35-abab-06ee49f81730"
    },
    {
        "topic": "publicTrade.BTCUSDT",
        "type": "snapshot",
        "ts": 1712071449234,
        "data": [
            {
                "T": 1712071449233,
                "s": "BTCUSDT",
                "S": "Buy",
                "v": "0.078",
                "p": "65973.80",
                "L": "PlusTick",
                "i": "e6495e13-3e02-5991-b26c-cee3c0758331",
                "BT": false
            }
        ],
        "_doc": "2665c725-5186-46fa-b58a-a0d380902a72"
    },
    {
        "topic": "publicTrade.BTCUSDT",
        "type": "snapshot",
        "ts": 1712071449225,
        "data": [
            {
                "T": 1712071449224,
                "s": "BTCUSDT",
                "S": "Buy",
                "v": "0.078",
                "p": "65972.10",
                "L": "PlusTick",
                "i": "234f6e50-6d1f-5e44-8ad4-86adb2b7bc47",
                "BT": false
            }
        ],
        "_doc": "9287592b-c515-4e90-833b-59ae4583ec51"
    },
    {
        "topic": "publicTrade.BTCUSDT",
        "type": "snapshot",
        "ts": 1712071449218,
        "data": [
            {
                "T": 1712071449217,
                "s": "BTCUSDT",
                "S": "Buy",
                "v": "0.051",
                "p": "65970.60",
                "L": "ZeroMinusTick",
                "i": "c0c004c0-f4b2-5b4c-8799-17265bc1451f",
                "BT": false
            }
        ],
        "_doc": "fb1ef8bb-6e7b-4b59-aab9-9e7afaf96c10"
    },
    {
        "topic": "publicTrade.BTCUSDT",
        "type": "snapshot",
        "ts": 1712071449218,
        "data": [
            {
                "T": 1712071449217,
                "s": "BTCUSDT",
                "S": "Buy",
                "v": "0.100",
                "p": "65970.60",
                "L": "ZeroMinusTick",
                "i": "a7fef30b-6d71-511f-839d-b66ed66640f7",
                "BT": false
            }
        ],
        "_doc": "cb469c8d-dd03-4a1f-97c1-eb901b5b8afa"
    },
    {
        "topic": "publicTrade.BTCUSDT",
        "type": "snapshot",
        "ts": 1712071448948,
        "data": [
            {
                "T": 1712071448946,
                "s": "BTCUSDT",
                "S": "Buy",
                "v": "0.002",
                "p": "65970.60",
                "L": "ZeroMinusTick",
                "i": "15a4b38f-ea26-5a3a-8689-65339e934940",
                "BT": false
            }
        ],
        "_doc": "f5a507aa-2abd-4e73-b3eb-d86116848716"
    },
    {
        "topic": "publicTrade.BTCUSDT",
        "type": "snapshot",
        "ts": 1712071448928,
        "data": [
            {
                "T": 1712071448926,
                "s": "BTCUSDT",
                "S": "Buy",
                "v": "0.046",
                "p": "65970.60",
                "L": "ZeroMinusTick",
                "i": "fd51123d-31d5-5209-a344-b6fd4271f4a6",
                "BT": false
            }
        ],
        "_doc": "0205af14-4bdb-408d-a08a-abfed10c1303"
    },
    {
        "topic": "publicTrade.BTCUSDT",
        "type": "snapshot",
        "ts": 1712071448842,
        "data": [
            {
                "T": 1712071448840,
                "s": "BTCUSDT",
                "S": "Buy",
                "v": "0.004",
                "p": "65970.60",
                "L": "MinusTick",
                "i": "956cab98-7fbb-5017-827a-cc86f95255f9",
                "BT": false
            }
        ],
        "_doc": "d233303f-ca9b-4b95-858f-bfb2a3d5ef64"
    },
    {
        "topic": "publicTrade.BTCUSDT",
        "type": "snapshot",
        "ts": 1712071447637,
        "data": [
            {
                "T": 1712071447635,
                "s": "BTCUSDT",
                "S": "Sell",
                "v": "0.012",
                "p": "65972.00",
                "L": "ZeroPlusTick",
                "i": "fec7775d-bc76-5610-a929-26cdc61822a9",
                "BT": false
            },
            {
                "T": 1712071447635,
                "s": "BTCUSDT",
                "S": "Sell",
                "v": "0.020",
                "p": "65971.50",
                "L": "MinusTick",
                "i": "51b13d94-14a4-5336-8e48-47beb0c78b52",
                "BT": false
            }
        ],
        "_doc": "c033d596-2f04-4778-b2b0-51bb6f60402f"
    },
    {
        "topic": "publicTrade.BTCUSDT",
        "type": "snapshot",
        "ts": 1712071447387,
        "data": [
            {
                "T": 1712071447385,
                "s": "BTCUSDT",
                "S": "Sell",
                "v": "0.161",
                "p": "65972.00",
                "L": "PlusTick",
                "i": "afb845ef-8666-56f9-a4ff-a00f253b41ce",
                "BT": false
            }
        ],
        "_doc": "fccacca9-c141-49ce-97c8-fd2ab808265b"
    },
    {
        "topic": "publicTrade.BTCUSDT",
        "type": "snapshot",
        "ts": 1712071446766,
        "data": [
            {
                "T": 1712071446765,
                "s": "BTCUSDT",
                "S": "Buy",
                "v": "0.181",
                "p": "65970.60",
                "L": "ZeroMinusTick",
                "i": "5b8a4a5d-405f-505a-a849-705b9ca9019a",
                "BT": false
            },
            {
                "T": 1712071446765,
                "s": "BTCUSDT",
                "S": "Buy",
                "v": "0.060",
                "p": "65970.60",
                "L": "ZeroMinusTick",
                "i": "ee382bbc-195d-5b15-8380-adb5080ae6ca",
                "BT": false
            },
            {
                "T": 1712071446765,
                "s": "BTCUSDT",
                "S": "Buy",
                "v": "0.060",
                "p": "65970.60",
                "L": "ZeroMinusTick",
                "i": "940ce4ae-a298-529c-95ea-d516b3be1897",
                "BT": false
            },
            {
                "T": 1712071446765,
                "s": "BTCUSDT",
                "S": "Buy",
                "v": "0.002",
                "p": "65970.60",
                "L": "ZeroMinusTick",
                "i": "6027cba3-a590-5349-9145-0b92122508a7",
                "BT": false
            },
            {
                "T": 1712071446765,
                "s": "BTCUSDT",
                "S": "Buy",
                "v": "0.060",
                "p": "65970.60",
                "L": "ZeroMinusTick",
                "i": "6571ca44-3015-5533-beab-73a6b4ace8e7",
                "BT": false
            },
            {
                "T": 1712071446765,
                "s": "BTCUSDT",
                "S": "Buy",
                "v": "0.039",
                "p": "65971.50",
                "L": "PlusTick",
                "i": "da253898-44ae-549f-9479-f4403e3ca0eb",
                "BT": false
            }
        ],
        "_doc": "9c012cec-94b5-4c28-a63e-f5b0638cc3b8"
    },
    {
        "topic": "publicTrade.BTCUSDT",
        "type": "snapshot",
        "ts": 1712071446764,
        "data": [
            {
                "T": 1712071446763,
                "s": "BTCUSDT",
                "S": "Buy",
                "v": "0.001",
                "p": "65970.60",
                "L": "ZeroMinusTick",
                "i": "6ef24f4f-767e-574b-92c0-b246c1008ac4",
                "BT": false
            }
        ],
        "_doc": "145c9cba-d460-4910-9be0-e9b388063279"
    },
    {
        "topic": "publicTrade.BTCUSDT",
        "type": "snapshot",
        "ts": 1712071446432,
        "data": [
            {
                "T": 1712071446431,
                "s": "BTCUSDT",
                "S": "Buy",
                "v": "0.001",
                "p": "65970.60",
                "L": "MinusTick",
                "i": "cca9bc66-868f-560a-bbc4-7f0972008e1f",
                "BT": false
            }
        ],
        "_doc": "6d46d581-99af-4f3b-87a6-0b07bf35fc94"
    },
    {
        "topic": "publicTrade.BTCUSDT",
        "type": "snapshot",
        "ts": 1712071446288,
        "data": [
            {
                "T": 1712071446287,
                "s": "BTCUSDT",
                "S": "Sell",
                "v": "0.001",
                "p": "65971.70",
                "L": "MinusTick",
                "i": "d014e35c-2d78-5d37-ab40-ea8696f70f28",
                "BT": false
            }
        ],
        "_doc": "3369e219-576f-48d6-9de2-bc7b9203dd6f"
    },
    {
        "topic": "publicTrade.BTCUSDT",
        "type": "snapshot",
        "ts": 1712071446265,
        "data": [
            {
                "T": 1712071446264,
                "s": "BTCUSDT",
                "S": "Sell",
                "v": "0.021",
                "p": "65973.30",
                "L": "MinusTick",
                "i": "61081fa3-52c4-500f-9772-e2f3bed360c8",
                "BT": false
            }
        ],
        "_doc": "29c7e478-929e-48a8-bd98-8e12c687de34"
    },
    {
        "topic": "publicTrade.BTCUSDT",
        "type": "snapshot",
        "ts": 1712071446259,
        "data": [
            {
                "T": 1712071446257,
                "s": "BTCUSDT",
                "S": "Sell",
                "v": "0.008",
                "p": "65974.60",
                "L": "ZeroMinusTick",
                "i": "a958c3db-b6fa-5b3c-881a-08c90a429141",
                "BT": false
            },
            {
                "T": 1712071446257,
                "s": "BTCUSDT",
                "S": "Sell",
                "v": "0.001",
                "p": "65974.00",
                "L": "MinusTick",
                "i": "1f613649-aff4-5210-be44-35dfac34e86e",
                "BT": false
            }
        ],
        "_doc": "e156c84a-2bb1-4062-a3a2-f20903e91140"
    },
    {
        "topic": "publicTrade.BTCUSDT",
        "type": "snapshot",
        "ts": 1712071446252,
        "data": [
            {
                "T": 1712071446250,
                "s": "BTCUSDT",
                "S": "Sell",
                "v": "0.063",
                "p": "65974.60",
                "L": "MinusTick",
                "i": "b561f769-2ba7-5aea-bddf-2b23886bb12e",
                "BT": false
            },
            {
                "T": 1712071446250,
                "s": "BTCUSDT",
                "S": "Sell",
                "v": "0.002",
                "p": "65974.60",
                "L": "ZeroMinusTick",
                "i": "74111d23-77c1-5b12-8307-086a7aa90d81",
                "BT": false
            }
        ],
        "_doc": "b6901ac9-5adb-4b74-b90f-a359e7f81a59"
    },
    {
        "topic": "publicTrade.BTCUSDT",
        "type": "snapshot",
        "ts": 1712071446244,
        "data": [
            {
                "T": 1712071446242,
                "s": "BTCUSDT",
                "S": "Buy",
                "v": "0.008",
                "p": "65974.70",
                "L": "PlusTick",
                "i": "88e6f558-9c08-52b1-b12d-d9699dbbd77c",
                "BT": false
            }
        ],
        "_doc": "b072ab62-907d-4c03-b5f5-1a654e8b2533"
    },
    {
        "topic": "publicTrade.BTCUSDT",
        "type": "snapshot",
        "ts": 1712071446141,
        "data": [
            {
                "T": 1712071446139,
                "s": "BTCUSDT",
                "S": "Sell",
                "v": "0.007",
                "p": "65974.60",
                "L": "ZeroMinusTick",
                "i": "9dfddff1-889e-513e-a306-ee653654eef1",
                "BT": false
            }
        ],
        "_doc": "b157dee7-96f3-4b8a-b6a8-7e9f34d7eb46"
    },
    {
        "topic": "publicTrade.BTCUSDT",
        "type": "snapshot",
        "ts": 1712071446137,
        "data": [
            {
                "T": 1712071446136,
                "s": "BTCUSDT",
                "S": "Sell",
                "v": "0.009",
                "p": "65974.60",
                "L": "MinusTick",
                "i": "0e985617-ed86-5091-944f-adfb83c21cce",
                "BT": false
            }
        ],
        "_doc": "3762b7f0-3f6a-41b8-9728-91a0a0030c80"
    },
    {
        "topic": "publicTrade.BTCUSDT",
        "type": "snapshot",
        "ts": 1712071446057,
        "data": [
            {
                "T": 1712071446055,
                "s": "BTCUSDT",
                "S": "Buy",
                "v": "0.095",
                "p": "65974.70",
                "L": "ZeroMinusTick",
                "i": "b471c494-75da-528f-b844-38589a8ad326",
                "BT": false
            }
        ],
        "_doc": "8420ea39-842f-441d-bb43-49db4ad0aced"
    },
    {
        "topic": "publicTrade.BTCUSDT",
        "type": "snapshot",
        "ts": 1712071445973,
        "data": [
            {
                "T": 1712071445971,
                "s": "BTCUSDT",
                "S": "Buy",
                "v": "0.001",
                "p": "65974.70",
                "L": "MinusTick",
                "i": "504cb328-6b83-59fb-841e-e3fec14fdb2b",
                "BT": false
            }
        ],
        "_doc": "e29166e5-07b3-403a-aba8-3baaf1dab893"
    },
    {
        "topic": "publicTrade.BTCUSDT",
        "type": "snapshot",
        "ts": 1712071445823,
        "data": [
            {
                "T": 1712071445822,
                "s": "BTCUSDT",
                "S": "Sell",
                "v": "0.008",
                "p": "65976.90",
                "L": "ZeroMinusTick",
                "i": "4370d5a5-66de-5c32-8e43-464ebec94f2b",
                "BT": false
            },
            {
                "T": 1712071445822,
                "s": "BTCUSDT",
                "S": "Sell",
                "v": "0.001",
                "p": "65976.90",
                "L": "ZeroMinusTick",
                "i": "fd16381b-1a7e-5cb6-a071-71797d9ea926",
                "BT": false
            }
        ],
        "_doc": "8e412734-578b-4872-8ae8-7afee8fe7078"
    },
    {
        "topic": "publicTrade.BTCUSDT",
        "type": "snapshot",
        "ts": 1712071445823,
        "data": [
            {
                "T": 1712071445821,
                "s": "BTCUSDT",
                "S": "Sell",
                "v": "0.060",
                "p": "65976.90",
                "L": "ZeroMinusTick",
                "i": "6e0eaf20-3253-5ffd-937b-6606aa03bdeb",
                "BT": false
            }
        ],
