[{"timestamp": "2024-04-08 22:28:45", "receive_time": 1712611725.934, "asks": [[71904.4, 14.392], [71909.0, 0.837], [71909.4, 0.495], [71911.8, 0.0], [71915.7, 1.085], [71930.5, 0.199], [71932.1, 0.118], [71933.5, 2.375], [71935.0, 0.134], [71945.7, 25.516], [71950.4, 0.081], [71980.1, 0.002], [71990.7, 0.009], [72002.0, 0.382], [72021.4, 2.369], [72021.5, 3.632], [72023.4, 2.691], [72120.1, 0.025], [72147.4, 0.104], [72687.2, 0.006], [72937.2, 0.407], [73234.6, 0.546], [73242.1, 0.545], [73658.7, 0.0], [74000.0, 88.908], [74090.1, 0.677], [74090.4, 0.699]], "bids": [[1000.0, 195.66], [5000.0, 2.341], [33000.0, 16.156], [35952.1, 0.006], [64713.9, 0.002], [68309.1, 0.002], [68310.2, 0.0], [69745.0, 0.041], [70389.7, 0.005], [70904.8, 0.423], [70969.5, 0.282], [71184.7, 0.0], [71184.8, 0.0], [71185.3, 1.012], [71244.0, 0.144], [71253.0, 0.072], [71544.8, 0.012], [71688.6, 0.326], [71702.5, 3.504], [71702.7, 1.6], [71702.9, 1.612], [71703.1, 0.6], [71724.2, 0.0], [71730.3, 0.0], [71813.0, 0.06], [71834.5, 0.0], [71846.1, 0.026], [71850.9, 0.035], [71852.8, 0.223], [71856.2, 26.292], [71858.8, 0.243], [71861.2, 0.248], [71863.8, 1.155], [71865.8, 0.066], [71867.0, 0.175], [71871.0, 2.001], [71879.1, 0.142], [71880.5, 0.092], [71880.6, 0.0], [71880.9, 0.142], [71881.0, 0.038], [71882.7, 0.168], [71884.5, 0.401], [71884.9, 0.03], [71886.3, 0.15], [71888.1, 0.479], [71889.9, 0.322], [71891.3, 0.163], [71891.7, 2.254], [71891.9, 0.747], [71892.0, 0.264], [71894.6, 0.009], [71901.0, 0.21], [71901.3, 0.982], [71904.3, 0.056]], "_doc": "f6f8eaea-27fa-4043-afcb-e1e2df93e5a3"}, {"timestamp": "2024-04-08 22:28:45", "receive_time": 1712611725.415, "asks": [[71904.4, 14.365], [71904.7, 0.111], [71905.5, 0.841], [71905.6, 0.567], [71907.2, 0.111], [71908.6, 1.0], [71908.7, 2.0], [71908.8, 0.178], [71909.0, 0.817], [71909.4, 0.499], [71910.1, 0.211], [71910.9, 0.039], [71911.3, 0.07], [71915.0, 0.454], [71915.1, 0.833], [71915.3, 0.0], [71915.8, 0.004], [71916.0, 0.218], [71916.1, 0.102], [71916.3, 0.0], [71917.4, 0.083], [71918.0, 0.801], [71918.4, 0.0], [71919.0, 0.018], [71920.1, 1.113], [71921.9, 0.002], [71923.8, 0.0], [71926.0, 2.1], [71926.1, 0.816], [71926.2, 0.0], [71926.3, 0.108], [71927.8, 0.03], [71928.3, 0.054], [71929.6, 0.014], [71931.4, 1.009], [71932.4, 0.044], [71933.6, 0.155], [71933.9, 1.227], [71935.4, 0.078], [71935.8, 1.032], [71935.9, 0.091], [71936.7, 0.0], [71937.0, 0.023], [71937.3, 1.009], [71938.0, 0.014], [71938.1, 0.0], [71939.2, 0.181], [71945.7, 25.516], [71947.7, 0.0], [71949.1, 0.225], [71949.3, 0.0], [71949.9, 0.01], [71950.6, 0.02], [71951.8, 0.065], [71975.4, 0.031], [71977.7, 1.249], [71978.9, 0.0], [71981.5, 0.039], [71994.2, 2.0], [71995.0, 2.117], [72021.4, 2.369], [72021.5, 3.632], [72023.4, 2.691], [72120.1, 0.025], [72204.4, 0.357], [74000.0, 88.863], [78631.7, 0.0]], "bids": [[1000.0, 195.66], [5000.0, 2.341], [33000.0, 16.152], [35952.1, 0.006], [57203.6, 0.0], [64713.9, 0.0], [64715.0, 0.005], [70574.2, 0.566], [70675.3, 0.0], [70940.6, 5.364], [71120.6, 1.896], [71184.8, 0.0], [71185.3, 0.002], [71185.5, 0.0], [71380.4, 0.028], [71544.8, 0.012], [71604.3, 0.0], [71688.6, 0.326], [71702.3, 0.0], [71702.5, 3.504], [71702.7, 1.6], [71702.9, 1.612], [71703.1, 0.6], [71753.3, 0.007], [71805.7, 0.0], [71812.9, 0.02], [71815.8, 0.0], [71829.0, 3.0], [71829.1, 0.007], [71831.0, 2.226], [71832.2, 0.008], [71835.2, 0.037], [71835.8, 0.0], [71836.1, 0.076], [71837.5, 0.012], [71839.8, 0.099], [71840.1, 0.589], [71840.7, 0.028], [71840.8, 0.028], [71840.9, 0.078], [71841.7, 0.002], [71841.8, 0.0], [71841.9, 0.002], [71846.1, 0.026], [71848.6, 1.095], [71849.0, 0.085], [71849.6, 0.021], [71850.1, 0.0], [71850.9, 0.039], [71852.8, 26.515], [71854.5, 0.0], [71856.2, 0.0], [71857.6, 1.337], [71866.6, 0.004], [71866.8, 0.0], [71878.7, 0.16], [71879.1, 0.002], [71880.9, 0.002], [71881.0, 1.048], [71882.7, 0.028], [71883.4, 0.01], [71884.5, 0.261], [71884.9, 0.02], [71885.0, 0.341], [71885.4, 0.202], [71885.7, 0.062], [71885.8, 0.071], [71885.9, 0.059], [71886.3, 0.02], [71887.2, 0.091], [71888.1, 0.339], [71889.9, 0.182], [71890.2, 0.004], [71890.4, 0.1], [71891.0, 0.68], [71891.7, 0.049], [71891.8, 1.109], [71891.9, 2.072], [71892.0, 0.947], [71892.4, 0.07], [71892.7, 0.0], [71894.2, 0.017], [71895.0, 2.242], [71895.2, 0.163], [71895.8, 0.07], [71896.7, 0.424], [71899.1, 0.0], [71899.7, 0.07], [71900.2, 0.002], [71900.3, 0.01], [71900.8, 0.0], [71901.0, 0.099], [71901.1, 0.0], [71903.1, 0.159], [71904.3, 0.087]], "_doc": "3283a661-2dda-449f-9060-96389a0bba72"}, {"timestamp": "2024-04-08 22:28:44", "receive_time": 1712611724.911, "asks": [[71904.4, 13.073], [71904.5, 0.0], [71904.6, 0.0], [71905.3, 0.0], [71905.6, 0.556], [71906.2, 0.16], [71907.2, 0.119], [71911.7, 0.002], [71911.8, 0.024], [71913.0, 0.11], [71918.7, 0.596], [71919.3, 0.016], [71923.4, 1.52], [71924.6, 0.029], [71924.7, 0.002], [71925.0, 0.081], [71926.5, 0.005], [71926.7, 0.41], [71927.6, 0.481], [71928.8, 0.021], [71929.8, 0.033], [71931.2, 0.023], [71933.0, 0.009], [71935.0, 2.115], [71945.5, 0.0], [71949.1, 25.776], [71953.8, 0.004], [71954.2, 0.64], [72012.7, 0.524], [72021.4, 2.369], [72021.5, 3.632], [72023.4, 2.691], [72039.2, 2.002], [72053.5, 2.002], [72084.1, 3.658], [72120.1, 2.798], [72174.3, 2.002], [72297.5, 0.007], [72305.5, 0.0], [72588.7, 1.369], [72594.9, 1.099], [72689.4, 0.684], [72700.7, 0.121], [72944.2, 0.0], [74000.0, 88.908], [75390.0, 0.01]], "bids": [[1000.0, 195.66], [5000.0, 2.341], [33000.0, 16.152], [35952.1, 0.006], [64713.9, 0.002], [70536.5, 0.008], [70761.3, 0.706], [71185.3, 0.002], [71185.4, 0.003], [71185.5, 1.01], [71221.2, 0.56], [71253.0, 0.113], [71300.0, 31.588], [71544.8, 0.002], [71688.6, 3.116], [71702.3, 3.0], [71702.5, 2.104], [71702.7, 1.6], [71702.9, 0.612], [71724.6, 2.0], [71805.8, 0.113], [71806.1, 0.02], [71813.0, 0.06], [71814.5, 2.008], [71814.6, 2.01], [71814.8, 0.004], [71816.0, 0.007], [71827.4, 0.28], [71829.0, 3.004], [71842.8, 0.018], [71846.4, 0.0], [71849.1, 0.069], [71852.7, 0.003], [71855.8, 0.006], [71856.2, 26.229], [71857.6, 1.337], [71859.5, 2.118], [71859.6, 2.144], [71860.8, 0.002], [71863.1, 1.01], [71863.3, 0.066], [71865.8, 0.346], [71867.1, 0.306], [71868.5, 1.139], [71870.0, 0.611], [71870.8, 0.0], [71871.9, 0.159], [71872.8, 0.023], [71874.6, 0.204], [71875.7, 0.932], [71875.8, 0.09], [71876.4, 0.01], [71879.1, 0.142], [71880.9, 0.142], [71882.5, 0.332], [71882.7, 0.168], [71884.5, 0.401], [71886.3, 0.16], [71886.5, 0.81], [71886.6, 0.099], [71888.1, 0.479], [71889.2, 0.028], [71889.9, 0.322], [71891.5, 0.0], [71891.7, 0.189], [71892.5, 0.139], [71897.2, 0.026], [71897.5, 0.343], [71901.0, 0.21], [71904.3, 0.089], [71905.6, 0.0]], "_doc": "6b9aaaa2-7ed4-48dc-9d1d-7f62d32eddf5"}, {"timestamp": "2024-04-08 22:28:44", "receive_time": 1712611724.408, "asks": [[71904.0, 0.0], [71904.4, 13.066], [71904.5, 0.096], [71904.6, 0.111], [71904.7, 0.0], [71904.8, 0.0], [71904.9, 0.134], [71905.0, 0.0], [71905.1, 0.0], [71905.2, 0.841], [71905.3, 0.16], [71905.4, 0.0], [71905.5, 0.836], [71905.6, 0.577], [71905.9, 0.029], [71906.0, 0.002], [71906.1, 0.006], [71906.7, 0.0], [71906.8, 0.0], [71907.0, 0.0], [71907.1, 0.0], [71907.2, 0.111], [71907.3, 0.017], [71907.5, 0.0], [71907.6, 0.0], [71907.7, 0.053], [71908.0, 0.31], [71908.6, 0.0], [71908.7, 0.002], [71908.8, 3.178], [71908.9, 0.708], [71909.1, 0.172], [71909.2, 0.116], [71909.4, 0.501], [71909.9, 0.0], [71911.3, 0.07], [71911.6, 0.0], [71912.1, 0.007], [71912.2, 0.122], [71912.3, 0.0], [71912.4, 0.002], [71912.8, 0.021], [71913.0, 0.126], [71913.6, 0.027], [71914.1, 0.385], [71914.7, 0.48], [71914.8, 0.457], [71914.9, 0.279], [71915.1, 1.229], [71915.2, 0.0], [71915.3, 0.002], [71915.6, 0.257], [71915.7, 1.095], [71915.8, 0.006], [71915.9, 0.0], [71916.0, 0.22], [71916.3, 0.002], [71916.5, 0.219], [71916.7, 0.07], [71917.0, 0.01], [71917.3, 0.195], [71917.4, 0.079], [71917.8, 0.424], [71918.0, 0.801], [71918.2, 0.03], [71918.3, 0.07], [71918.4, 0.002], [71918.5, 0.028], [71918.6, 0.021], [71918.8, 0.042], [71918.9, 2.345], [71919.0, 0.014], [71919.2, 0.0], [71919.4, 0.028], [71919.5, 0.021], [71919.9, 0.0], [71920.1, 1.115], [71920.2, 0.002], [71920.6, 0.0], [71920.8, 0.012], [71920.9, 0.032], [71921.1, 1.154], [71921.2, 0.08], [71921.5, 0.0], [71921.6, 0.0], [71922.0, 0.595], [71922.1, 0.002], [71922.4, 0.0], [71923.0, 0.012], [71923.5, 0.026], [71923.8, 0.0], [71923.9, 0.0], [71924.1, 0.0], [71924.2, 0.0], [71924.5, 0.002], [71924.7, 0.072], [71925.5, 0.015], [71925.7, 0.0], [71926.0, 2.1], [71926.2, 0.0], [71926.4, 0.297], [71926.5, 0.075], [71927.1, 1.363], [71927.6, 0.281], [71927.8, 0.03], [71928.3, 0.054], [71928.4, 0.1], [71929.6, 0.014], [71929.8, 0.01], [71929.9, 0.01], [71930.8, 0.002], [71931.4, 1.009], [71931.5, 0.423], [71933.0, 1.991], [71933.1, 1.213], [71934.7, 0.072], [71935.0, 0.134], [71935.2, 1.197], [71935.4, 1.087], [71935.7, 0.08], [71936.2, 1.119], [71936.6, 0.96], [71937.0, 0.023], [71937.3, 0.0], [71940.1, 1.048], [71940.7, 0.0], [71942.4, 0.022], [71944.4, 1.15], [71945.5, 0.0], [71946.1, 0.292], [71946.8, 0.027], [71947.5, 0.0], [71947.6, 1.133], [71947.7, 0.0], [71949.1, 25.776], [71949.4, 1.638], [71949.9, 0.02], [71951.7, 0.0], [71952.3, 0.002], [71953.5, 1.014], [71953.8, 0.099], [71954.2, 0.545], [71954.4, 4.029], [71955.3, 0.012], [71958.8, 0.06], [71958.9, 0.02], [71959.1, 0.025], [71959.2, 0.113], [71968.9, 0.015], [71969.2, 0.074], [71969.6, 0.079], [71970.0, 0.838], [71972.6, 0.165], [71973.0, 0.0], [71974.3, 0.0], [71975.3, 0.0], [71975.4, 0.037], [71978.4, 3.029], [72004.7, 0.211], [72005.4, 0.042], [72005.9, 0.039], [72016.4, 0.402], [72018.8, 0.0], [72021.4, 2.369], [72021.5, 3.632], [72023.4, 2.691], [72024.0, 0.481], [72046.7, 0.496], [72071.2, 0.002], [72072.4, 0.003], [72081.1, 0.264], [72097.7, 0.004], [72106.0, 0.0], [72120.1, 0.025], [72153.9, 0.095], [72184.2, 0.008], [72204.4, 0.357], [72689.4, 0.135], [73049.0, 1.371], [73092.0, 1.662], [73095.9, 8.866], [73228.8, 0.684], [73983.8, 0.002], [73985.4, 0.0], [74000.0, 88.863], [74061.5, 0.01]], "bids": [[1000.0, 195.66], [5000.0, 2.341], [33000.0, 16.152], [35952.7, 0.0], [62897.2, 0.0], [64715.0, 0.003], [66851.0, 2.029], [68310.0, 0.189], [68310.2, 0.002], [68313.7, 0.007], [68313.8, 0.222], [69028.2, 0.004], [69033.0, 0.201], [69718.3, 0.718], [70609.5, 0.0], [71184.8, 0.0], [71185.3, 0.002], [71185.4, 1.013], [71185.6, 0.003], [71531.5, 0.632], [71544.8, 0.002], [71546.0, 0.0], [71563.8, 0.0], [71604.0, 3.768], [71604.3, 0.0], [71648.6, 2.734], [71688.6, 0.326], [71702.0, 0.0], [71702.2, 0.002], [71702.3, 3.0], [71702.4, 0.0], [71702.5, 2.104], [71702.6, 0.01], [71702.7, 1.6], [71702.9, 0.612], [71704.0, 0.077], [71745.1, 0.002], [71746.3, 0.0], [71753.4, 0.105], [71762.8, 0.0], [71804.0, 0.713], [71805.2, 0.0], [71820.1, 0.363], [71820.2, 0.005], [71822.1, 0.653], [71822.2, 0.578], [71831.6, 0.004], [71832.9, 2.773], [71834.4, 0.033], [71834.6, 0.0], [71837.7, 0.121], [71838.5, 0.003], [71840.1, 0.684], [71840.4, 0.97], [71840.6, 0.415], [71840.7, 0.082], [71840.8, 0.085], [71841.0, 0.195], [71841.9, 0.078], [71842.9, 0.08], [71844.0, 0.004], [71844.1, 0.977], [71845.9, 0.03], [71846.6, 0.042], [71849.6, 0.021], [71849.8, 0.0], [71850.1, 0.057], [71850.2, 0.026], [71850.6, 0.04], [71851.4, 0.998], [71851.7, 0.021], [71852.7, 26.232], [71853.1, 0.0], [71855.4, 0.222], [71856.2, 0.0], [71856.3, 0.0], [71856.5, 0.147], [71856.9, 0.083], [71858.1, 0.008], [71858.7, 0.961], [71860.7, 0.063], [71861.2, 0.22], [71862.5, 1.616], [71862.6, 0.157], [71863.4, 0.03], [71863.6, 1.584], [71864.5, 0.029], [71865.1, 0.0], [71865.4, 0.14], [71865.5, 0.013], [71865.6, 3.278], [71866.8, 0.0], [71866.9, 0.163], [71867.0, 0.175], [71867.1, 0.31], [71867.6, 0.146], [71867.7, 0.243], [71868.0, 0.061], [71868.3, 0.202], [71868.8, 0.939], [71869.3, 1.983], [71869.8, 0.3], [71870.6, 0.0], [71870.7, 0.205], [71870.8, 0.16], [71870.9, 0.045], [71871.8, 0.662], [71872.5, 0.028], [71872.8, 0.103], [71873.0, 0.002], [71873.1, 0.379], [71873.4, 0.0], [71874.0, 0.038], [71874.5, 0.28], [71874.6, 0.004], [71874.7, 0.041], [71874.8, 0.004], [71875.6, 0.561], [71878.7, 1.235], [71879.1, 0.002], [71879.3, 0.0], [71880.2, 0.42], [71880.5, 0.092], [71880.6, 0.0], [71881.4, 0.0], [71882.1, 0.747], [71882.8, 0.026], [71882.9, 0.554], [71883.2, 0.046], [71883.3, 0.04], [71883.4, 0.01], [71883.5, 0.056], [71883.7, 1.52], [71883.8, 0.114], [71883.9, 0.0], [71884.0, 0.252], [71884.2, 1.844], [71884.3, 0.002], [71884.4, 0.073], [71884.9, 0.02], [71885.0, 0.341], [71885.1, 0.113], [71885.4, 2.202], [71885.5, 0.002], [71886.0, 0.066], [71886.3, 0.02], [71886.6, 0.438], [71887.7, 0.079], [71887.9, 0.493], [71888.2, 0.082], [71888.4, 0.142], [71888.6, 0.321], [71889.0, 1.041], [71889.2, 0.028], [71889.8, 0.044], [71890.0, 0.678], [71890.1, 0.077], [71890.3, 1.103], [71890.4, 0.178], [71890.8, 0.08], [71890.9, 0.0], [71891.0, 0.682], [71891.3, 0.163], [71891.4, 0.308], [71891.6, 0.0], [71891.7, 0.049], [71891.8, 0.0], [71891.9, 0.649], [71892.1, 0.01], [71892.3, 1.06], [71892.4, 0.07], [71892.6, 0.0], [71892.7, 1.94], [71892.8, 0.028], [71893.3, 0.002], [71893.6, 0.027], [71894.2, 0.025], [71894.3, 1.147], [71894.5, 0.123], [71894.7, 1.2], [71894.9, 0.0], [71895.0, 2.312], [71895.2, 0.163], [71895.3, 0.0], [71895.5, 1.042], [71895.8, 0.0], [71895.9, 0.01], [71896.0, 0.144], [71896.9, 0.004], [71897.1, 0.24], [71897.2, 0.691], [71897.5, 0.0], [71897.6, 0.009], [71898.2, 0.007], [71898.3, 1.2], [71898.6, 0.0], [71899.1, 0.07], [71900.1, 0.084], [71900.3, 0.0], [71900.4, 0.0], [71900.8, 0.01], [71900.9, 0.0], [71901.0, 0.21], [71901.1, 0.0], [71901.2, 0.0], [71901.3, 0.949], [71901.7, 0.0], [71902.5, 0.0], [71903.2, 0.183], [71903.5, 0.0], [71903.6, 0.0], [71903.7, 0.0], [71904.0, 0.044], [71904.2, 0.01], [71904.3, 0.077], [71904.4, 0.0], [71905.0, 0.0], [71905.2, 0.0], [71905.4, 0.0], [71905.5, 0.0]], "_doc": "cd4a68e1-a2ea-4245-b894-3155dda8faab"}, {"timestamp": "2024-04-08 22:28:43", "receive_time": 1712611723.907, "asks": [[71905.6, 8.471], [71906.7, 0.008], [71906.8, 0.16], [71909.0, 0.762], [71909.4, 0.504], [71909.6, 0.056], [71913.4, 0.0], [71916.9, 0.297], [71917.1, 0.191], [71918.7, 0.006], [71919.0, 0.016], [71921.7, 0.02], [71922.1, 0.002], [71922.5, 0.808], [71924.8, 0.0], [71928.7, 0.003], [71930.7, 0.223], [71931.0, 0.028], [71932.8, 0.176], [71932.9, 0.0], [71933.2, 1.046], [71933.4, 0.43], [71933.5, 0.393], [71934.7, 2.053], [71935.4, 1.038], [71936.7, 1.009], [71937.0, 1.032], [71940.4, 0.002], [71949.0, 0.621], [71994.7, 2.0], [72021.4, 2.369], [72021.5, 3.632], [72023.4, 2.691], [72084.1, 1.658], [72084.6, 2.043], [72091.3, 0.0], [72121.3, 0.0], [72133.0, 0.086], [72191.7, 0.0], [72588.7, 1.233], [72840.4, 0.055], [72846.9, 0.166], [73070.5, 0.887], [74000.0, 88.908], [74062.7, 0.0]], "bids": [[1000.0, 195.66], [5000.0, 2.341], [33000.0, 16.152], [35952.7, 0.01], [64715.0, 0.003], [65053.8, 0.768], [68310.2, 0.004], [69029.3, 1.45], [69752.4, 0.005], [70105.7, 0.021], [70347.2, 0.71], [70636.8, 0.0], [70647.2, 0.848], [70791.0, 0.849], [70909.8, 9.119], [71064.2, 1.124], [71165.8, 0.097], [71172.1, 0.0], [71185.5, 0.0], [71186.5, 0.0], [71386.2, 0.102], [71546.0, 0.0], [71689.8, 0.0], [71702.0, 3.0], [71702.2, 1.602], [71702.4, 1.6], [71702.6, 0.61], [71725.2, 2.0], [71812.8, 0.083], [71813.2, 0.028], [71815.0, 2.362], [71834.4, 0.179], [71841.6, 0.002], [71843.5, 0.028], [71844.0, 0.084], [71846.1, 0.026], [71846.3, 0.0], [71846.6, 0.042], [71850.3, 0.003], [71851.7, 0.04], [71857.6, 10.052], [71858.1, 0.093], [71858.7, 0.0], [71858.8, 0.243], [71863.1, 1.01], [71863.7, 0.046], [71863.8, 1.151], [71865.1, 1.01], [71867.3, 0.002], [71867.4, 0.028], [71867.5, 0.053], [71867.6, 0.15], [71869.3, 0.0], [71871.3, 0.028], [71874.7, 0.081], [71875.7, 0.108], [71875.8, 0.914], [71881.4, 1.01], [71882.2, 0.105], [71882.9, 0.564], [71883.0, 0.363], [71885.0, 0.397], [71885.4, 0.202], [71886.3, 0.01], [71886.5, 0.471], [71886.6, 0.448], [71887.7, 0.131], [71887.9, 0.465], [71888.5, 0.203], [71890.4, 0.233], [71891.2, 1.076], [71891.3, 0.537], [71891.9, 0.004], [71894.5, 0.004], [71894.9, 0.027], [71895.4, 0.0], [71895.5, 1.052], [71896.3, 1.042], [71897.2, 0.117], [71898.1, 0.005], [71898.3, 1.429], [71900.3, 0.777], [71900.9, 0.111], [71901.0, 0.099], [71902.5, 0.033], [71905.5, 0.053], [71905.6, 0.0], [72240.8, 0.0]], "_doc": "789e48d3-c974-452b-b48d-1d85da69d4ec"}, {"timestamp": "2024-04-08 22:28:43", "receive_time": 1712611723.405, "asks": [[71905.5, 0.0], [71905.6, 8.986], [71908.6, 1.0], [71908.7, 0.0], [71908.8, 0.178], [71909.2, 0.12], [71909.7, 0.207], [71911.5, 0.0], [71912.3, 0.07], [71915.6, 0.259], [71915.7, 3.095], [71915.8, 0.0], [71915.9, 1.48], [71916.0, 0.675], [71916.1, 0.1], [71918.2, 0.002], [71918.3, 2.071], [71918.9, 0.262], [71920.1, 1.119], [71920.2, 0.004], [71920.8, 0.082], [71921.2, 0.103], [71921.3, 0.0], [71921.5, 0.0], [71922.1, 0.004], [71923.3, 0.002], [71923.5, 0.096], [71924.1, 0.002], [71924.5, 0.002], [71925.0, 0.011], [71925.3, 0.029], [71925.7, 0.002], [71925.8, 0.145], [71926.2, 0.002], [71926.4, 0.002], [71927.8, 0.03], [71928.2, 0.0], [71928.4, 0.11], [71929.1, 0.005], [71929.2, 0.012], [71929.3, 0.0], [71929.8, 2.01], [71929.9, 1.019], [71930.3, 0.01], [71930.6, 0.002], [71930.8, 0.005], [71931.5, 0.423], [71932.0, 0.322], [71932.1, 0.118], [71932.2, 0.97], [71932.6, 0.077], [71932.8, 1.136], [71932.9, 1.982], [71933.5, 1.402], [71933.9, 1.225], [71934.9, 0.0], [71935.5, 2.244], [71936.3, 0.021], [71936.8, 0.21], [71937.6, 0.069], [71938.0, 0.002], [71938.5, 0.213], [71938.8, 0.827], [71939.0, 0.077], [71939.1, 0.02], [71939.5, 0.209], [71945.4, 0.098], [71946.6, 0.016], [71946.8, 1.174], [71947.7, 6.597], [71948.5, 0.0], [71949.0, 26.22], [71950.9, 0.01], [71951.7, 0.01], [71952.3, 1.601], [71954.8, 0.074], [71957.3, 0.113], [71957.7, 0.0], [71959.1, 0.045], [71963.3, 2.805], [71980.1, 0.083], [72021.4, 2.369], [72021.5, 3.632], [72023.4, 2.691], [72115.2, 0.091], [72121.3, 0.0], [72148.3, 0.0], [72205.6, 0.0], [72588.7, 1.098], [72826.0, 0.225], [73233.7, 0.0], [73235.9, 0.546], [73631.3, 0.734], [74000.0, 88.863]], "bids": [[1000.0, 195.66], [5000.0, 2.361], [33000.0, 16.152], [35952.7, 0.01], [60309.2, 0.0], [64715.0, 0.005], [66905.5, 0.008], [68348.7, 0.0], [69997.4, 0.0], [70151.2, 1.566], [70280.4, 2.564], [71002.4, 0.105], [71021.1, 0.295], [71025.2, 0.0], [71119.7, 0.362], [71121.7, 0.304], [71132.9, 4.224], [71186.5, 0.0], [71235.8, 0.925], [71254.2, 0.028], [71546.0, 0.01], [71605.5, 0.002], [71689.8, 0.014], [71701.8, 0.0], [71702.0, 3.0], [71702.2, 1.602], [71702.4, 1.6], [71702.6, 0.61], [71724.2, 0.1], [71733.5, 0.033], [71762.3, 0.003], [71778.7, 0.0], [71813.0, 0.06], [71820.1, 0.383], [71820.2, 0.025], [71820.3, 0.004], [71820.4, 0.0], [71820.9, 0.0], [71821.0, 0.0], [71821.1, 0.007], [71821.2, 0.0], [71821.3, 0.0], [71821.4, 0.002], [71821.5, 0.0], [71821.7, 0.081], [71825.3, 0.002], [71826.6, 0.0], [71828.6, 0.0], [71829.8, 0.041], [71831.8, 0.09], [71833.4, 2.919], [71834.4, 0.179], [71834.5, 0.0], [71834.6, 0.148], [71837.7, 0.208], [71838.6, 0.0], [71839.2, 0.178], [71839.3, 0.051], [71840.0, 0.38], [71840.4, 1.082], [71840.5, 0.544], [71842.2, 0.0], [71843.8, 0.288], [71844.1, 0.977], [71844.3, 0.005], [71845.3, 0.082], [71845.7, 0.031], [71847.4, 0.084], [71848.2, 0.214], [71850.6, 0.135], [71853.1, 0.0], [71855.1, 0.3], [71856.2, 26.424], [71856.3, 0.0], [71857.3, 0.015], [71857.6, 8.772], [71858.1, 0.173], [71858.5, 0.0], [71858.7, 0.36], [71860.7, 1.024], [71862.1, 0.04], [71862.4, 0.167], [71862.5, 0.003], [71863.2, 0.083], [71863.4, 0.002], [71864.1, 0.002], [71864.8, 0.032], [71865.1, 2.02], [71865.9, 0.002], [71866.6, 0.004], [71866.8, 0.0], [71866.9, 0.163], [71867.1, 0.306], [71867.3, 0.006], [71867.5, 0.053], [71869.8, 0.5], [71872.5, 0.008], [71880.6, 0.0], [71881.2, 0.709], [71881.4, 0.0], [71882.2, 1.115], [71882.4, 0.059], [71882.5, 0.032], [71882.9, 0.554], [71883.9, 0.0], [71885.0, 0.407], [71885.2, 0.972], [71885.9, 0.059], [71886.0, 0.106], [71886.1, 1.207], [71886.3, 2.01], [71886.4, 0.002], [71886.6, 0.109], [71887.2, 0.013], [71888.3, 1.05], [71888.4, 0.114], [71889.2, 0.003], [71891.3, 0.593], [71891.5, 0.3], [71891.6, 0.049], [71891.7, 1.243], [71892.0, 0.264], [71892.1, 1.903], [71892.3, 1.0], [71893.5, 0.004], [71893.8, 2.152], [71893.9, 0.0], [71894.2, 0.023], [71894.5, 0.006], [71894.7, 1.27], [71895.3, 0.0], [71895.4, 0.027], [71896.0, 0.212], [71896.1, 0.111], [71898.3, 1.432], [71899.6, 0.0], [71900.1, 0.07], [71900.2, 0.002], [71900.3, 0.785], [71900.4, 0.01], [71900.8, 0.0], [71901.3, 0.0], [71903.1, 0.163], [71903.7, 0.186], [71904.4, 0.002], [71905.5, 0.049]], "_doc": "f802cdce-e797-4ce2-882f-a3e2747aeb6b"}, {"timestamp": "2024-04-08 22:28:42", "receive_time": 1712611722.904, "asks": [[71905.6, 8.963], [71913.8, 0.0], [71918.7, 0.002], [71921.5, 0.0], [71922.4, 0.0], [71922.5, 0.841], [71924.6, 0.481], [71926.1, 0.871], [71933.2, 0.004], [71933.3, 0.894], [71938.9, 0.145], [71948.3, 0.0], [71948.9, 0.108], [71949.0, 26.31], [71951.7, 0.01], [71954.2, 0.64], [71957.6, 0.009], [71959.1, 0.126], [71959.2, 0.133], [71960.9, 0.121], [71961.0, 0.202], [72000.0, 20.173], [72021.4, 2.369], [72021.5, 3.632], [72023.4, 2.691], [72048.9, 0.017], [72079.2, 0.002], [72120.1, 0.025], [72191.2, 0.017], [72221.6, 0.13], [72588.7, 0.549], [72598.8, 0.01], [72687.2, 0.253], [72695.6, 0.932], [72942.8, 0.003], [72977.0, 0.684], [72980.9, 8.715], [73092.0, 0.856], [73122.3, 0.0], [73178.3, 0.273], [73189.7, 0.0], [73300.0, 25.09], [73554.5, 0.0], [74000.0, 88.908]], "bids": [[1000.0, 195.66], [5000.0, 2.381], [33000.0, 16.152], [35952.7, 0.01], [64715.0, 0.005], [66909.3, 0.006], [69596.8, 0.012], [69634.1, 0.006], [70286.8, 0.025], [70669.2, 0.003], [71019.0, 0.462], [71186.5, 0.0], [71546.0, 0.01], [71627.1, 0.017], [71689.8, 0.014], [71698.0, 0.021], [71698.2, 0.021], [71701.8, 3.0], [71702.0, 1.6], [71702.2, 1.602], [71702.4, 0.6], [71733.5, 0.028], [71762.3, 0.0], [71768.8, 0.02], [71769.3, 0.021], [71805.8, 0.113], [71814.9, 0.019], [71821.4, 0.022], [71821.5, 0.02], [71821.6, 0.002], [71821.7, 0.0], [71822.0, 0.048], [71822.4, 0.045], [71822.5, 0.0], [71822.6, 0.0], [71831.8, 0.0], [71834.5, 0.0], [71846.1, 0.026], [71847.0, 0.018], [71847.6, 0.17], [71850.3, 0.034], [71850.9, 0.035], [71856.2, 26.611], [71859.6, 2.142], [71859.8, 0.992], [71866.0, 0.273], [71866.1, 0.0], [71866.6, 0.008], [71868.6, 2.835], [71872.8, 0.116], [71873.6, 0.04], [71873.7, 0.028], [71874.0, 0.014], [71874.7, 0.041], [71877.1, 0.174], [71882.2, 0.089], [71882.4, 0.043], [71883.9, 0.0], [71886.3, 0.038], [71886.7, 0.002], [71886.9, 0.0], [71888.1, 0.339], [71888.4, 0.114], [71889.1, 0.61], [71889.2, 0.013], [71889.8, 0.023], [71890.8, 0.149], [71891.0, 0.87], [71891.1, 1.112], [71891.7, 1.299], [71894.7, 0.67], [71895.9, 0.0], [71897.6, 0.009], [71898.0, 0.017], [71898.3, 2.032], [71898.6, 0.669], [71898.8, 0.039], [71899.6, 0.008], [71901.9, 0.002], [71905.5, 0.393]], "_doc": "514a5cdb-dac2-49d3-9de7-16bcd400d205"}, {"timestamp": "2024-04-08 22:28:42", "receive_time": 1712611722.402, "asks": [[71905.6, 8.987], [71906.4, 0.0], [71906.7, 0.008], [71906.8, 0.042], [71906.9, 0.0], [71907.3, 0.015], [71907.7, 0.045], [71907.8, 0.009], [71908.7, 0.0], [71908.8, 0.178], [71909.0, 0.054], [71909.2, 0.047], [71910.1, 0.214], [71910.4, 0.0], [71910.5, 0.0], [71910.8, 0.0], [71910.9, 0.015], [71911.3, 0.0], [71911.5, 0.083], [71911.9, 0.233], [71912.3, 0.07], [71912.8, 0.181], [71913.2, 0.188], [71913.3, 0.217], [71913.5, 0.008], [71913.7, 0.0], [71914.0, 0.014], [71914.2, 0.004], [71914.4, 0.0], [71914.9, 0.784], [71915.0, 0.058], [71915.6, 0.257], [71915.7, 1.095], [71916.0, 1.675], [71916.1, 2.1], [71916.2, 1.042], [71917.0, 0.01], [71917.3, 0.0], [71917.9, 0.491], [71918.2, 1.974], [71918.7, 0.006], [71919.9, 0.056], [71920.0, 1.068], [71920.7, 0.06], [71920.8, 0.082], [71921.1, 1.084], [71921.3, 0.006], [71921.8, 0.416], [71922.0, 0.595], [71922.1, 0.004], [71922.4, 0.469], [71922.5, 0.372], [71923.3, 0.0], [71923.5, 0.098], [71923.7, 0.0], [71924.1, 0.0], [71924.2, 0.0], [71924.5, 0.006], [71924.6, 0.454], [71924.7, 0.002], [71925.0, 0.011], [71925.2, 0.07], [71925.3, 0.002], [71925.4, 0.006], [71925.5, 0.015], [71925.7, 0.002], [71925.9, 0.173], [71926.0, 0.1], [71926.1, 0.397], [71926.4, 0.072], [71926.8, 0.04], [71927.0, 0.082], [71927.1, 0.737], [71927.2, 0.0], [71927.4, 0.22], [71927.7, 0.082], [71928.2, 0.07], [71928.5, 0.3], [71928.6, 0.788], [71928.8, 0.221], [71929.1, 0.007], [71929.3, 0.01], [71929.4, 0.268], [71929.9, 0.0], [71930.0, 2.333], [71930.2, 0.115], [71930.8, 0.015], [71931.1, 0.066], [71931.5, 0.423], [71931.6, 2.641], [71931.7, 0.006], [71931.8, 0.224], [71931.9, 0.067], [71932.1, 1.129], [71932.2, 2.97], [71932.3, 0.065], [71932.4, 0.028], [71932.5, 1.159], [71932.6, 0.068], [71932.7, 0.142], [71933.0, 0.009], [71933.2, 0.485], [71933.3, 0.07], [71933.8, 0.002], [71934.0, 3.527], [71934.5, 1.855], [71934.7, 0.072], [71934.9, 1.981], [71935.0, 0.429], [71935.4, 0.078], [71935.8, 0.023], [71935.9, 0.091], [71936.2, 1.373], [71936.4, 0.99], [71936.5, 0.049], [71936.6, 0.0], [71936.7, 1.009], [71936.8, 1.219], [71936.9, 0.069], [71937.2, 0.002], [71937.5, 0.0], [71937.6, 1.029], [71937.8, 0.742], [71937.9, 0.03], [71938.0, 0.002], [71938.5, 0.197], [71938.7, 0.085], [71939.3, 0.0], [71939.8, 1.053], [71940.0, 30.306], [71940.1, 1.258], [71940.3, 0.027], [71940.8, 0.0], [71941.5, 0.0], [71942.1, 0.0], [71942.3, 0.002], [71942.5, 0.014], [71942.8, 0.07], [71943.1, 0.141], [71943.8, 0.0], [71944.0, 0.152], [71944.2, 0.002], [71944.5, 0.0], [71944.9, 0.234], [71945.4, 1.245], [71946.5, 0.0], [71946.9, 0.01], [71947.1, 0.042], [71947.2, 0.0], [71947.4, 1.126], [71947.6, 1.393], [71948.0, 1.099], [71948.3, 0.01], [71948.6, 0.177], [71948.7, 0.016], [71948.9, 25.797], [71949.2, 0.0], [71949.3, 0.0], [71949.4, 0.039], [71949.7, 0.902], [71950.3, 0.002], [71950.5, 0.0], [71950.9, 1.609], [71951.0, 0.0], [71951.6, 0.0], [71951.7, 0.0], [71952.1, 0.023], [71952.4, 0.146], [71952.6, 0.116], [71952.9, 0.01], [71953.0, 0.0], [71953.6, 0.426], [71953.7, 0.014], [71953.8, 0.004], [71954.5, 0.022], [71955.0, 0.017], [71956.3, 0.0], [71956.6, 0.004], [71958.0, 0.023], [71958.3, 0.03], [71964.7, 0.0], [71965.0, 0.512], [71965.1, 0.002], [71965.2, 0.022], [71965.3, 0.0], [71965.5, 0.004], [71965.8, 0.01], [71966.6, 0.335], [71968.0, 0.454], [71968.8, 0.035], [71971.0, 4.306], [71974.9, 0.0], [71975.3, 4.0], [71975.5, 0.0], [71975.8, 0.002], [71975.9, 0.029], [71976.1, 1.703], [71976.2, 0.0], [71976.5, 0.002], [71976.7, 2.896], [71977.3, 0.019], [71978.9, 2.682], [71979.2, 0.002], [72008.1, 1.444], [72009.2, 0.042], [72021.4, 2.369], [72021.5, 3.632], [72023.4, 2.691], [72025.8, 3.576], [72026.4, 0.028], [72074.1, 0.834], [72080.0, 0.36], [72097.7, 0.272], [72115.2, 0.091], [72121.3, 0.0], [72140.4, 0.0], [72141.1, 0.0], [72166.5, 0.01], [72191.9, 0.091], [72205.6, 0.0], [72408.9, 0.015], [72594.9, 1.649], [72732.5, 0.137], [72912.3, 1.557], [72944.2, 0.685], [72962.6, 1.098], [72968.7, 0.002], [74000.0, 88.863]], "bids": [[1000.0, 195.66], [5000.0, 2.361], [33000.0, 16.152], [35952.7, 0.005], [64715.0, 0.003], [68310.2, 0.006], [70112.0, 1.285], [70821.5, 0.0], [71186.5, 0.0], [71188.3, 0.006], [71254.2, 0.069], [71546.0, 0.01], [71605.5, 0.002], [71618.4, 0.0], [71649.1, 0.0], [71668.2, 0.6], [71672.6, 0.5], [71672.9, 0.0], [71689.8, 0.014], [71700.1, 0.0], [71701.6, 0.004], [71701.8, 3.0], [71702.0, 1.6], [71702.2, 1.602], [71702.4, 0.6], [71710.1, 1.442], [71765.3, 0.0], [71767.8, 2.467], [71771.2, 0.026], [71775.8, 0.0], [71779.7, 0.6], [71783.7, 3.586], [71784.4, 0.0], [71795.5, 0.0], [71803.3, 0.0], [71805.8, 0.113], [71812.5, 0.141], [71814.1, 0.013], [71822.5, 0.02], [71822.6, 0.02], [71823.1, 1.827], [71823.2, 2.04], [71823.3, 0.143], [71824.2, 0.002], [71824.3, 0.003], [71825.8, 0.014], [71826.9, 0.0], [71828.2, 2.412], [71832.2, 1.578], [71832.5, 0.005], [71832.9, 2.777], [71833.5, 3.672], [71833.6, 0.088], [71833.9, 0.039], [71834.5, 0.0], [71835.6, 0.081], [71835.8, 0.0], [71836.2, 1.891], [71837.2, 0.608], [71838.0, 0.051], [71839.0, 0.009], [71841.2, 0.5], [71841.6, 0.002], [71842.8, 0.007], [71844.3, 0.1], [71844.8, 6.126], [71845.2, 1.468], [71845.7, 0.125], [71846.2, 0.708], [71846.5, 0.0], [71847.8, 0.97], [71848.4, 0.006], [71848.9, 0.145], [71849.1, 0.069], [71849.6, 0.021], [71850.0, 0.082], [71850.5, 0.086], [71850.9, 0.055], [71851.2, 0.032], [71851.5, 0.086], [71851.6, 0.173], [71851.8, 0.0], [71852.2, 0.5], [71852.3, 0.044], [71852.4, 0.0], [71852.5, 0.019], [71852.6, 1.671], [71852.7, 0.003], [71853.1, 0.0], [71853.9, 0.2], [71855.1, 1.262], [71855.9, 0.0], [71856.0, 0.048], [71856.7, 0.01], [71858.4, 0.0], [71858.9, 0.018], [71859.6, 28.566], [71860.0, 0.15], [71860.5, 0.208], [71860.7, 0.063], [71860.8, 0.004], [71861.3, 1.149], [71861.6, 0.069], [71862.6, 0.157], [71862.9, 0.021], [71863.1, 0.0], [71863.6, 0.574], [71863.7, 0.018], [71864.8, 1.042], [71865.4, 0.14], [71865.7, 0.002], [71865.8, 0.066], [71866.0, 0.873], [71866.1, 0.004], [71866.4, 0.004], [71866.5, 0.041], [71869.3, 0.16], [71870.6, 1.983], [71870.9, 0.005], [71871.0, 2.001], [71871.8, 0.822], [71871.9, 0.079], [71872.0, 0.072], [71872.1, 0.002], [71873.0, 0.122], [71873.7, 0.108], [71873.9, 0.04], [71874.0, 0.029], [71874.3, 0.188], [71874.5, 0.02], [71874.6, 0.024], [71874.7, 0.081], [71874.8, 0.013], [71875.0, 0.386], [71875.6, 0.144], [71875.7, 0.932], [71875.8, 0.09], [71875.9, 0.007], [71876.0, 0.049], [71876.5, 0.972], [71876.7, 0.01], [71876.8, 0.003], [71877.2, 0.162], [71877.4, 0.0], [71877.5, 0.417], [71877.6, 0.926], [71877.7, 0.0], [71877.9, 0.14], [71878.2, 1.629], [71878.4, 0.598], [71878.5, 0.031], [71878.6, 0.155], [71878.7, 0.16], [71878.8, 0.087], [71878.9, 0.0], [71879.0, 0.05], [71879.4, 0.14], [71879.6, 0.008], [71880.1, 0.366], [71880.4, 1.101], [71880.5, 0.092], [71880.8, 0.137], [71881.1, 0.0], [71881.2, 1.129], [71881.3, 1.33], [71881.4, 1.01], [71881.5, 0.113], [71881.7, 0.002], [71881.9, 0.241], [71882.1, 0.347], [71882.2, 0.073], [71882.4, 0.027], [71882.5, 0.0], [71882.6, 0.612], [71882.9, 0.896], [71883.2, 0.454], [71883.3, 0.16], [71883.4, 0.0], [71883.7, 1.545], [71883.8, 0.0], [71883.9, 0.004], [71884.0, 0.172], [71884.1, 0.0], [71884.3, 0.082], [71884.4, 0.075], [71884.5, 0.261], [71884.7, 0.076], [71884.8, 5.652], [71885.1, 0.123], [71885.3, 0.428], [71885.5, 0.002], [71885.6, 0.786], [71885.7, 0.062], [71885.8, 0.071], [71886.0, 0.134], [71886.1, 1.235], [71886.2, 2.297], [71886.3, 0.038], [71886.4, 0.012], [71886.5, 0.81], [71886.6, 0.099], [71886.7, 0.113], [71886.8, 0.217], [71887.3, 0.097], [71887.5, 0.03], [71887.9, 0.002], [71888.0, 4.076], [71888.1, 0.329], [71888.2, 0.091], [71888.4, 0.114], [71888.5, 0.203], [71888.7, 0.0], [71888.9, 1.028], [71889.1, 0.61], [71889.2, 0.013], [71889.3, 0.062], [71889.6, 0.15], [71889.8, 0.002], [71890.0, 0.553], [71890.2, 0.002], [71890.3, 1.131], [71890.4, 0.178], [71890.5, 0.024], [71890.6, 0.002], [71890.7, 0.005], [71890.8, 0.279], [71891.0, 0.761], [71891.1, 1.103], [71891.2, 1.076], [71891.3, 0.537], [71891.5, 0.3], [71891.6, 0.049], [71891.7, 1.243], [71891.8, 0.011], [71891.9, 0.044], [71892.0, 2.212], [71892.1, 0.0], [71892.2, 1.933], [71892.4, 0.07], [71892.5, 0.0], [71892.6, 0.265], [71892.7, 0.0], [71892.8, 0.049], [71893.1, 0.251], [71893.2, 0.056], [71893.4, 0.025], [71893.5, 0.014], [71893.8, 2.152], [71893.9, 0.0], [71894.1, 0.028], [71894.2, 0.015], [71894.3, 1.137], [71894.4, 0.453], [71894.5, 0.014], [71894.6, 0.009], [71894.7, 0.07], [71894.9, 0.0], [71895.3, 0.0], [71895.7, 0.004], [71895.8, 0.0], [71895.9, 0.026], [71896.1, 0.181], [71896.4, 0.064], [71896.5, 0.12], [71896.6, 0.041], [71896.7, 0.416], [71896.8, 0.0], [71897.2, 0.119], [71897.5, 0.174], [71897.6, 0.353], [71897.7, 0.017], [71898.0, 0.01], [71898.2, 0.017], [71898.3, 1.432], [71898.4, 0.039], [71898.5, 0.15], [71898.8, 0.039], [71899.4, 0.055], [71900.0, 2.105], [71900.1, 0.07], [71900.3, 0.777], [71900.8, 0.0], [71901.1, 0.026], [71901.3, 0.01], [71901.9, 0.002], [71902.0, 0.002], [71902.3, 0.0], [71902.7, 0.0], [71903.6, 0.139], [71903.7, 0.0], [71904.1, 0.0], [71904.2, 0.169], [71904.4, 0.254], [71905.5, 0.381]], "_doc": "a3e748bc-cd0d-4003-98f0-9ec5795a6dc3"}, {"timestamp": "2024-04-08 22:28:41", "receive_time": 1712611721.895, "asks": [[71905.6, 8.291], [71905.8, 0.0], [71905.9, 0.027], [71906.7, 0.02], [71906.9, 0.13], [71907.0, 0.0], [71907.1, 0.0], [71907.2, 0.111], [71907.3, 0.175], [71911.3, 0.3], [71911.6, 0.0], [71912.9, 0.0], [71913.1, 0.0], [71913.6, 0.025], [71914.6, 0.111], [71919.4, 0.028], [71920.8, 0.072], [71921.3, 0.002], [71921.8, 0.0], [71921.9, 0.0], [71922.1, 0.002], [71923.4, 1.068], [71924.5, 0.004], [71932.1, 1.129], [71933.0, 0.009], [71933.8, 0.002], [71935.0, 2.41], [71935.9, 0.157], [71936.6, 0.067], [71937.5, 0.96], [71943.5, 0.024], [71948.7, 0.006], [71948.9, 25.984], [71949.2, 0.833], [71957.6, 0.104], [71958.3, 0.058], [71959.2, 0.113], [71960.9, 0.141], [71961.0, 0.222], [71961.1, 0.042], [71961.2, 0.0], [71981.5, 0.052], [71990.7, 0.004], [72021.4, 2.369], [72021.5, 3.622], [72023.4, 2.691], [72115.2, 0.093], [72121.3, 2.773], [72408.9, 0.008], [72912.3, 0.914], [73026.3, 0.031], [74000.0, 88.908]], "bids": [[1000.0, 195.66], [5000.0, 2.361], [33000.0, 16.152], [35952.7, 0.005], [68310.0, 0.189], [68957.3, 0.724], [70064.9, 0.024], [70256.6, 0.002], [70688.8, 0.092], [70820.0, 0.45], [70862.9, 0.423], [70867.1, 0.03], [70906.0, 1.551], [71186.5, 0.0], [71222.4, 1.696], [71235.8, 1.481], [71546.0, 0.01], [71689.8, 2.804], [71701.4, 0.0], [71701.6, 3.004], [71701.7, 0.0], [71701.8, 1.6], [71702.0, 1.6], [71702.2, 0.602], [71747.3, 0.0], [71824.2, 0.022], [71824.3, 0.023], [71824.4, 0.0], [71824.5, 0.003], [71833.7, 0.0], [71834.5, 0.0], [71857.3, 0.015], [71859.5, 0.118], [71859.6, 28.604], [71862.9, 0.979], [71863.0, 0.043], [71865.4, 0.158], [71866.0, 0.131], [71871.1, 0.0], [71873.1, 0.369], [71883.9, 0.073], [71884.5, 1.119], [71889.1, 2.572], [71889.3, 0.06], [71891.0, 0.528], [71895.3, 1.931], [71895.8, 0.0], [71896.4, 0.09], [71896.5, 2.12], [71896.7, 0.418], [71898.3, 2.639], [71898.4, 1.039], [71898.7, 0.0], [71901.9, 0.602], [71903.2, 0.185], [71905.5, 0.398]], "_doc": "04b41f77-c04a-4f0f-aee4-3224b1f86329"}, {"timestamp": "2024-04-08 22:28:41", "receive_time": 1712611721.382, "asks": [[71905.6, 7.558], [71905.9, 0.031], [71906.3, 0.01], [71909.4, 0.506], [71909.7, 0.124], [71909.8, 0.002], [71912.3, 0.07], [71912.5, 0.026], [71916.2, 1.042], [71917.8, 0.404], [71917.9, 1.491], [71921.1, 1.042], [71921.3, 0.0], [71921.5, 0.04], [71921.9, 0.002], [71922.0, 2.656], [71922.1, 0.0], [71923.4, 1.07], [71923.5, 0.1], [71924.5, 0.006], [71925.0, 0.011], [71925.8, 0.002], [71926.1, 0.055], [71926.8, 0.042], [71927.6, 0.028], [71928.5, 0.008], [71931.2, 0.0], [71931.7, 0.0], [71932.0, 0.152], [71932.1, 1.127], [71932.2, 2.97], [71932.3, 0.182], [71932.4, 0.028], [71933.5, 0.393], [71933.8, 0.002], [71933.9, 1.225], [71934.5, 1.855], [71935.4, 1.02], [71935.9, 2.138], [71936.7, 0.0], [71936.9, 0.0], [71937.6, 1.011], [71939.1, 0.004], [71943.7, 0.044], [71948.0, 1.046], [71948.3, 0.0], [71948.7, 25.882], [71949.2, 0.347], [71949.4, 0.029], [71951.4, 0.0], [71951.6, 0.01], [71952.3, 0.002], [71955.5, 0.067], [71960.9, 0.121], [71961.0, 0.202], [71961.1, 0.062], [71961.2, 0.02], [71961.3, 0.002], [71961.4, 0.002], [72009.8, 0.0], [72021.4, 2.369], [72021.5, 3.622], [72023.4, 2.691], [72072.0, 6.756], [72079.5, 0.604], [72098.9, 0.943], [72100.4, 0.059], [72121.3, 0.0], [72205.6, 0.0], [72600.1, 1.99], [72645.3, 0.03], [72744.8, 0.059], [72746.9, 0.262], [72783.5, 0.106], [72984.4, 0.014], [72991.8, 0.04], [73095.9, 9.672], [73163.9, 0.819], [74000.0, 88.863], [74091.3, 0.674], [74638.4, 0.02]], "bids": [[1000.0, 195.66], [5000.0, 2.341], [33000.0, 16.152], [35952.7, 0.005], [64715.0, 0.003], [70280.4, 1.711], [70400.0, 28.198], [70834.1, 0.355], [70906.0, 0.988], [70922.0, 0.005], [70923.1, 0.008], [71186.5, 0.0], [71546.0, 0.01], [71605.5, 0.002], [71689.8, 0.014], [71701.4, 3.0], [71701.7, 1.6], [71701.8, 1.6], [71702.0, 0.6], [71758.2, 0.014], [71805.8, 0.155], [71813.0, 0.06], [71824.0, 0.002], [71824.1, 0.002], [71824.2, 0.002], [71824.3, 0.003], [71824.4, 0.02], [71824.5, 0.023], [71852.2, 0.0], [71852.3, 0.034], [71855.9, 0.343], [71858.4, 0.01], [71859.4, 2.02], [71859.5, 26.58], [71859.6, 2.142], [71863.0, 0.529], [71864.1, 1.012], [71864.9, 0.42], [71865.1, 0.0], [71865.7, 1.012], [71866.0, 0.009], [71866.5, 0.055], [71870.6, 0.0], [71871.1, 0.004], [71872.5, 0.048], [71873.1, 0.369], [71883.1, 0.085], [71883.8, 0.23], [71883.9, 0.077], [71884.7, 0.076], [71886.1, 1.235], [71886.3, 0.048], [71888.5, 0.295], [71888.6, 0.042], [71889.1, 0.572], [71889.2, 0.003], [71889.3, 2.06], [71889.4, 0.36], [71891.0, 0.944], [71891.1, 1.241], [71892.1, 0.004], [71893.7, 0.0], [71894.3, 1.141], [71894.8, 0.0], [71895.3, 0.0], [71895.8, 1.905], [71896.0, 0.142], [71896.1, 0.181], [71896.2, 0.0], [71896.3, 1.044], [71896.4, 0.064], [71896.5, 2.146], [71896.6, 3.041], [71896.7, 0.418], [71897.3, 0.0], [71897.5, 0.184], [71897.7, 0.317], [71898.3, 2.752], [71898.4, 1.039], [71899.1, 0.0], [71899.6, 0.0], [71900.0, 2.245], [71900.1, 0.07], [71901.0, 0.091], [71901.3, 0.0], [71902.0, 0.012], [71905.5, 1.163]], "_doc": "1b4ba14b-309b-44b2-aa95-9ed31720e3bb"}, {"timestamp": "2024-04-08 22:28:40", "receive_time": 1712611720.873, "asks": [[71905.6, 7.458], [71906.3, 0.01], [71907.2, 0.0], [71909.4, 0.508], [71909.7, 0.013], [71909.8, 0.002], [71911.1, 0.04], [71912.5, 0.096], [71912.8, 0.008], [71913.4, 0.056], [71914.2, 0.06], [71915.0, 0.016], [71915.7, 0.053], [71916.6, 0.054], [71917.8, 0.404], [71917.9, 1.491], [71921.8, 0.111], [71922.6, 0.002], [71927.2, 0.051], [71927.7, 0.898], [71927.9, 0.025], [71930.8, 0.178], [71931.3, 0.002], [71931.6, 0.07], [71931.7, 1.009], [71931.8, 0.222], [71932.4, 2.028], [71933.5, 0.393], [71934.5, 1.827], [71934.9, 0.823], [71935.7, 0.706], [71936.9, 1.981], [71937.2, 0.07], [71938.7, 0.154], [71947.2, 2.489], [71947.9, 0.0], [71948.7, 26.01], [71949.3, 0.0], [71952.3, 0.012], [71954.8, 0.283], [71958.3, 0.153], [71960.8, 0.084], [71960.9, 0.141], [71961.0, 0.222], [71961.1, 0.042], [71961.3, 0.002], [71961.7, 0.075], [71974.0, 0.047], [72008.2, 0.008], [72021.4, 2.369], [72021.5, 3.622], [72023.4, 2.691], [72060.3, 0.0], [72085.3, 2.081], [72148.3, 0.1], [72166.5, 0.02], [72365.1, 0.0], [72586.6, 0.0], [72651.7, 0.002], [74000.0, 88.908]], "bids": [[1000.0, 195.66], [5000.0, 2.341], [33000.0, 16.152], [35952.7, 0.0], [68310.2, 0.002], [70150.9, 1.282], [70474.5, 0.709], [70927.8, 0.42], [71186.4, 0.023], [71186.5, 0.0], [71229.5, 0.219], [71546.0, 0.0], [71668.2, 0.0], [71701.2, 0.0], [71701.4, 3.0], [71701.5, 0.0], [71701.7, 1.6], [71701.8, 1.6], [71702.0, 0.6], [71725.8, 2.099], [71746.6, 1.002], [71746.7, 0.033], [71751.3, 0.0], [71805.8, 0.155], [71813.0, 0.06], [71820.2, 0.005], [71824.0, 0.022], [71824.2, 0.002], [71837.2, 0.395], [71845.8, 0.147], [71848.4, 0.044], [71848.7, 0.284], [71850.8, 0.099], [71852.6, 1.766], [71852.9, 0.005], [71855.1, 0.3], [71855.3, 0.005], [71857.6, 0.057], [71862.3, 0.005], [71862.4, 0.05], [71863.4, 0.211], [71866.0, 0.009], [71866.2, 0.241], [71869.7, 0.0], [71870.5, 0.025], [71870.6, 0.004], [71871.3, 0.028], [71873.3, 0.489], [71874.0, 0.014], [71877.1, 0.165], [71880.0, 0.05], [71883.9, 0.077], [71884.5, 0.777], [71884.7, 0.418], [71888.3, 1.199], [71891.0, 0.946], [71896.2, 0.0], [71896.5, 0.146], [71897.7, 0.017], [71898.0, 0.017], [71898.3, 2.899], [71898.4, 0.041], [71899.1, 0.3], [71899.4, 0.185], [71900.2, 0.03], [71901.2, 0.084], [71901.9, 1.202], [71902.7, 0.008], [71903.2, 0.296], [71903.8, 0.0], [71904.0, 0.046], [71905.5, 1.249]], "_doc": "7900a327-e6c9-43ce-9cbe-3a919f2af222"}, {"timestamp": "2024-04-08 22:28:40", "receive_time": 1712611720.37, "asks": [[71905.6, 7.506], [71905.9, 0.027], [71906.3, 0.014], [71909.0, 0.012], [71909.4, 0.541], [71912.5, 0.07], [71912.8, 0.176], [71913.0, 0.11], [71915.6, 0.217], [71916.9, 0.217], [71917.7, 0.002], [71917.8, 1.404], [71917.9, 0.491], [71919.2, 0.021], [71921.3, 0.0], [71921.5, 2.137], [71921.9, 0.0], [71923.6, 0.016], [71924.4, 0.594], [71924.7, 0.004], [71925.0, 0.011], [71925.3, 0.0], [71926.1, 0.057], [71926.4, 0.002], [71927.2, 0.01], [71927.7, 0.556], [71928.6, 0.79], [71928.7, 0.0], [71929.2, 0.014], [71929.4, 0.068], [71931.8, 2.222], [71931.9, 0.0], [71932.0, 0.142], [71932.1, 0.118], [71933.3, 0.0], [71933.6, 0.171], [71933.8, 0.002], [71934.9, 2.461], [71935.0, 0.429], [71935.4, 0.011], [71935.9, 0.157], [71936.6, 1.027], [71936.7, 1.009], [71937.2, 0.279], [71937.3, 0.0], [71937.4, 0.142], [71937.6, 0.002], [71937.9, 0.032], [71939.1, 1.013], [71939.2, 0.193], [71939.3, 0.0], [71939.8, 1.051], [71942.9, 0.016], [71943.0, 0.0], [71948.3, 0.0], [71948.6, 0.187], [71948.7, 26.006], [71949.3, 0.01], [71951.4, 0.0], [71960.9, 0.121], [71961.0, 0.202], [71961.1, 0.062], [71961.3, 0.022], [71963.5, 0.617], [71963.9, 0.005], [71976.5, 0.002], [72010.0, 0.098], [72021.4, 2.369], [72021.5, 3.632], [72023.4, 2.691], [72085.3, 0.0], [72205.6, 0.0], [72690.5, 0.0], [72705.5, 0.016], [72905.1, 1.013], [72925.9, 0.103], [74000.0, 88.863], [75500.8, 0.014]], "bids": [[1000.0, 195.66], [5000.0, 2.341], [33000.0, 16.152], [35952.7, 0.0], [64715.0, 0.005], [68310.3, 0.007], [70866.6, 0.916], [70906.0, 0.565], [71186.5, 0.002], [71254.2, 0.028], [71546.0, 0.0], [71550.5, 0.014], [71550.6, 0.0], [71605.5, 0.002], [71668.2, 0.6], [71689.8, 2.804], [71701.2, 3.0], [71701.5, 1.6], [71701.7, 1.6], [71701.8, 0.6], [71725.8, 0.008], [71762.2, 0.0], [71768.0, 0.018], [71805.8, 0.155], [71810.6, 0.166], [71824.1, 0.022], [71824.2, 0.022], [71824.3, 0.003], [71824.4, 0.0], [71827.2, 0.903], [71834.5, 0.0], [71840.1, 0.589], [71854.6, 0.0], [71857.0, 0.0], [71857.6, 0.083], [71859.3, 0.0], [71859.4, 2.06], [71859.5, 26.616], [71862.3, 0.0], [71862.4, 0.65], [71863.0, 0.876], [71863.1, 1.604], [71864.9, 1.43], [71865.1, 1.01], [71865.9, 0.002], [71866.8, 0.0], [71870.0, 0.451], [71870.1, 0.0], [71870.4, 1.41], [71870.5, 0.029], [71877.4, 0.823], [71881.9, 0.094], [71883.1, 0.095], [71883.9, 0.073], [71884.9, 0.02], [71886.1, 1.235], [71886.3, 0.048], [71886.4, 0.0], [71888.4, 0.187], [71888.5, 2.287], [71888.9, 1.042], [71889.0, 0.902], [71889.1, 0.572], [71889.2, 0.003], [71892.5, 0.002], [71893.0, 0.165], [71893.4, 0.016], [71893.9, 0.023], [71894.2, 0.019], [71894.3, 0.783], [71894.9, 0.002], [71895.3, 1.988], [71895.6, 0.023], [71895.8, 0.0], [71895.9, 0.0], [71896.0, 2.212], [71896.1, 3.111], [71896.2, 0.002], [71896.6, 0.041], [71896.7, 0.416], [71897.5, 1.184], [71897.6, 1.105], [71897.7, 0.025], [71898.3, 2.035], [71898.4, 0.039], [71898.8, 0.047], [71899.4, 0.185], [71899.8, 0.004], [71900.0, 2.315], [71900.2, 0.002], [71901.2, 0.112], [71901.3, 0.01], [71901.9, 0.002], [71902.2, 0.002], [71902.3, 0.0], [71903.4, 0.0], [71905.5, 0.237]], "_doc": "9c94e4e9-61c4-47a2-874f-f3d891315536"}, {"timestamp": "2024-04-08 22:28:39", "receive_time": 1712611719.869, "asks": [[71905.6, 7.265], [71907.2, 0.111], [71907.3, 0.015], [71908.5, 0.0], [71909.4, 0.543], [71910.4, 0.008], [71910.5, 0.008], [71914.7, 0.0], [71915.0, 0.072], [71919.4, 0.139], [71921.8, 0.0], [71927.9, 0.367], [71934.7, 0.004], [71935.0, 0.772], [71935.9, 0.157], [71937.3, 1.981], [71937.6, 1.011], [71938.1, 0.141], [71944.1, 0.0], [71952.0, 0.216], [71952.2, 0.0], [71958.3, 0.058], [71960.9, 0.141], [71961.1, 0.042], [71961.7, 0.17], [71966.0, 0.329], [71978.5, 0.0], [71979.2, 1.114], [71990.6, 0.021], [72021.4, 2.369], [72021.5, 3.632], [72023.4, 2.691], [72085.3, 0.0], [72121.3, 2.773], [72365.1, 0.007], [72864.5, 0.014], [72915.3, 4.384], [72923.7, 0.507], [73052.6, 0.684], [73985.4, 1.35], [74000.0, 88.896], [74649.2, 0.009]], "bids": [[1000.0, 195.66], [5000.0, 2.341], [33000.0, 16.152], [35952.7, 0.0], [68310.0, 0.189], [70280.4, 0.858], [70290.3, 0.852], [70837.9, 12.438], [70916.0, 3.267], [71000.0, 135.764], [71186.5, 0.0], [71222.4, 1.136], [71546.0, 0.0], [71689.8, 2.804], [71701.0, 0.002], [71701.2, 3.0], [71701.3, 0.0], [71701.5, 1.6], [71701.7, 1.6], [71701.8, 0.6], [71725.8, 0.008], [71805.8, 0.155], [71832.2, 1.112], [71834.5, 0.0], [71856.9, 0.303], [71857.4, 0.0], [71861.9, 0.0], [71863.0, 0.39], [71863.1, 0.0], [71864.0, 0.042], [71865.9, 1.012], [71869.8, 0.222], [71870.0, 0.458], [71870.1, 0.004], [71877.4, 0.48], [71877.5, 0.577], [71883.9, 0.077], [71885.1, 0.052], [71886.4, 0.01], [71888.2, 0.899], [71888.3, 1.191], [71893.9, 0.023], [71894.3, 0.781], [71894.9, 0.004], [71895.4, 0.0], [71895.7, 0.212], [71895.9, 0.002], [71896.0, 0.15], [71896.3, 1.044], [71896.4, 0.064], [71896.6, 0.041], [71898.3, 2.636], [71899.8, 2.156], [71903.3, 0.021], [71905.5, 0.683]], "_doc": "5794a7f7-36e1-41b3-8386-0f7c23ed6c25"}, {"timestamp": "2024-04-08 22:28:39", "receive_time": 1712611719.367, "asks": [[71905.6, 7.247], [71905.9, 0.169], [71907.2, 0.0], [71907.6, 0.0], [71908.8, 0.178], [71909.2, 0.004], [71909.4, 0.546], [71909.7, 0.124], [71909.9, 0.002], [71910.8, 0.141], [71910.9, 0.53], [71911.1, 0.096], [71911.6, 0.04], [71911.9, 0.154], [71912.5, 0.07], [71912.7, 0.042], [71912.8, 0.008], [71913.0, 0.0], [71913.9, 0.0], [71914.0, 0.002], [71916.4, 0.008], [71917.6, 0.0], [71917.7, 0.002], [71917.8, 0.404], [71917.9, 0.491], [71919.2, 1.021], [71920.8, 0.072], [71921.3, 0.0], [71921.7, 0.0], [71921.8, 0.111], [71923.5, 0.1], [71923.6, 0.143], [71924.1, 0.002], [71924.2, 0.808], [71924.3, 0.415], [71924.5, 0.004], [71925.0, 0.011], [71925.3, 2.072], [71925.7, 0.0], [71927.2, 0.051], [71927.6, 0.03], [71928.6, 0.792], [71929.6, 0.014], [71929.7, 0.743], [71929.9, 0.078], [71930.8, 0.015], [71931.2, 0.01], [71931.5, 0.417], [71932.1, 2.118], [71933.6, 0.155], [71935.4, 0.011], [71936.3, 0.021], [71936.7, 0.0], [71936.9, 0.0], [71937.1, 0.117], [71937.5, 0.0], [71937.6, 0.002], [71937.9, 1.041], [71938.1, 2.122], [71939.1, 0.004], [71939.3, 0.96], [71939.7, 0.972], [71944.1, 1.009], [71944.6, 0.0], [71945.6, 0.068], [71947.1, 1.147], [71948.3, 0.0], [71948.6, 0.187], [71951.4, 0.01], [71951.6, 0.0], [71952.1, 0.013], [71952.2, 0.0], [71952.3, 0.002], [71952.6, 1.715], [71955.3, 0.295], [71957.6, 0.009], [71957.8, 4.242], [71960.9, 0.121], [71961.1, 0.062], [71972.1, 0.0], [71973.0, 0.015], [71976.1, 1.703], [71978.5, 0.066], [71978.9, 1.57], [71997.9, 0.183], [72008.1, 1.444], [72011.9, 0.0], [72021.4, 2.369], [72021.5, 3.632], [72023.4, 2.691], [72046.5, 0.0], [72115.2, 0.093], [72121.3, 0.0], [72148.5, 0.0], [72205.6, 0.0], [72239.2, 0.064], [72284.1, 0.0], [73201.0, 0.682], [74000.0, 88.863], [74062.8, 1.001], [74073.2, 0.0]], "bids": [[1000.0, 195.66], [5000.0, 2.341], [33000.0, 16.156], [35952.7, 0.0], [64715.0, 0.003], [64715.2, 0.002], [68310.5, 0.0], [70107.9, 0.145], [70117.7, 5.269], [70290.3, 1.704], [70388.1, 0.0], [70970.7, 0.056], [70980.7, 2.953], [71186.5, 0.0], [71216.9, 0.0], [71222.4, 0.576], [71546.0, 0.01], [71605.5, 0.002], [71668.2, 0.0], [71689.8, 0.014], [71701.0, 3.002], [71701.3, 1.6], [71701.5, 1.6], [71701.7, 0.6], [71805.8, 0.155], [71812.9, 0.02], [71824.2, 0.022], [71824.4, 0.0], [71828.2, 2.412], [71832.0, 0.03], [71836.0, 0.002], [71837.2, 0.479], [71839.0, 1.862], [71846.1, 0.026], [71846.3, 0.0], [71847.3, 0.371], [71858.7, 0.32], [71859.2, 0.13], [71859.3, 26.462], [71859.4, 10.785], [71869.4, 0.2], [71869.6, 0.0], [71869.8, 0.226], [71874.0, 0.029], [71876.5, 0.852], [71877.5, 0.92], [71880.7, 0.0], [71882.9, 0.009], [71883.5, 0.0], [71883.9, 0.077], [71885.1, 0.062], [71886.1, 1.235], [71886.3, 0.048], [71886.7, 0.0], [71888.4, 0.187], [71888.5, 0.287], [71888.6, 0.042], [71888.7, 0.0], [71889.0, 0.902], [71889.1, 2.572], [71891.0, 0.53], [71892.2, 1.933], [71892.3, 0.99], [71892.9, 0.004], [71893.1, 0.271], [71893.4, 0.018], [71893.6, 0.0], [71894.2, 0.017], [71894.3, 0.789], [71894.5, 0.006], [71894.6, 0.011], [71894.8, 0.0], [71894.9, 0.002], [71895.1, 0.772], [71895.3, 0.0], [71895.4, 0.0], [71895.5, 1.515], [71895.6, 0.093], [71895.7, 0.212], [71895.8, 5.0], [71895.9, 0.002], [71896.3, 1.044], [71896.5, 0.446], [71896.6, 0.041], [71896.8, 1.718], [71897.2, 0.119], [71897.5, 0.184], [71897.6, 1.105], [71898.0, 0.002], [71898.1, 0.007], [71898.3, 2.638], [71898.4, 1.039], [71898.6, 0.0], [71898.7, 0.0], [71899.1, 0.0], [71899.2, 0.0], [71899.4, 0.193], [71899.8, 2.064], [71900.0, 2.245], [71900.2, 0.03], [71901.9, 1.202], [71902.1, 0.0], [71902.8, 0.021], [71905.5, 0.84]], "_doc": "cd002dc4-e12c-4c2f-b41a-7a9cb7159edc"}, {"timestamp": "2024-04-08 22:28:38", "receive_time": 1712611718.865, "asks": [[71905.6, 8.263], [71905.9, 0.171], [71907.1, 0.0], [71908.1, 0.25], [71908.5, 0.008], [71908.9, 0.708], [71916.0, 0.675], [71918.2, 0.002], [71920.0, 1.068], [71920.8, 0.072], [71921.8, 0.004], [71923.4, 2.112], [71923.5, 0.1], [71923.6, 0.018], [71924.3, 0.339], [71925.4, 0.004], [71925.7, 0.004], [71926.8, 0.04], [71927.2, 0.01], [71928.7, 0.002], [71929.0, 0.195], [71929.8, 0.01], [71930.8, 0.005], [71934.9, 0.0], [71935.0, 1.252], [71935.1, 1.03], [71935.9, 0.157], [71936.9, 1.009], [71937.1, 2.098], [71937.5, 1.009], [71937.6, 0.962], [71938.0, 0.072], [71938.8, 0.811], [71939.2, 0.181], [71948.3, 0.01], [71951.2, 0.002], [71952.1, 26.222], [71960.9, 0.141], [71961.1, 0.042], [72021.4, 2.369], [72021.5, 3.632], [72023.4, 2.691], [72085.3, 2.081], [72115.2, 0.093], [72121.3, 0.0], [72130.0, 0.0], [72696.6, 0.219], [72912.3, 0.34], [72912.6, 0.387], [74000.0, 88.893], [74062.8, 0.677], [79096.2, 0.0]], "bids": [[1000.0, 195.66], [5000.0, 2.341], [33000.0, 16.152], [35952.7, 0.0], [68310.2, 0.002], [70066.5, 0.0], [71062.1, 0.0], [71064.2, 0.843], [71186.5, 0.0], [71254.2, 0.069], [71546.0, 0.0], [71668.2, 0.6], [71689.8, 0.014], [71700.0, 2.756], [71701.0, 3.002], [71701.3, 1.6], [71701.5, 1.6], [71701.7, 0.6], [71725.8, 2.099], [71805.7, 0.0], [71824.3, 0.023], [71824.5, 0.003], [71834.5, 0.0], [71846.1, 0.03], [71855.3, 0.0], [71864.0, 1.052], [71865.1, 1.01], [71865.7, 0.002], [71869.0, 0.055], [71883.9, 0.077], [71886.3, 0.038], [71888.2, 0.56], [71888.3, 1.53], [71888.5, 0.297], [71889.2, 0.003], [71891.6, 0.059], [71892.2, 1.935], [71892.9, 0.006], [71893.0, 0.167], [71893.7, 0.072], [71893.9, 0.025], [71894.8, 0.3], [71895.3, 6.917], [71895.4, 0.002], [71895.6, 1.752], [71896.6, 0.041], [71897.5, 1.184], [71898.1, 0.005], [71898.2, 0.007], [71898.3, 2.403], [71905.5, 0.253]], "_doc": "5be9af7d-f43b-45fc-aa9b-ce1a1dddd184"}, {"timestamp": "2024-04-08 22:28:38", "receive_time": 1712611718.362, "asks": [[71905.6, 8.242], [71905.9, 0.201], [71907.1, 0.0], [71908.1, 0.266], [71909.0, 0.125], [71909.4, 0.74], [71911.0, 0.15], [71911.3, 0.0], [71912.5, 0.0], [71912.7, 0.112], [71912.8, 0.051], [71913.1, 0.02], [71913.2, 0.188], [71914.6, 0.271], [71914.9, 0.0], [71916.4, 0.018], [71916.7, 0.0], [71917.7, 1.002], [71917.8, 0.404], [71917.9, 0.491], [71918.2, 0.002], [71918.5, 0.195], [71920.0, 1.068], [71920.3, 0.0], [71920.8, 0.072], [71921.3, 0.0], [71921.7, 1.985], [71921.8, 0.0], [71922.1, 0.0], [71923.6, 0.016], [71923.9, 0.0], [71925.0, 0.011], [71925.4, 0.004], [71925.7, 0.002], [71927.2, 0.01], [71927.5, 0.317], [71929.0, 0.195], [71929.3, 0.0], [71930.8, 0.005], [71931.1, 0.0], [71931.4, 0.0], [71931.5, 2.417], [71938.1, 0.141], [71938.8, 1.82], [71939.1, 0.004], [71944.6, 1.147], [71946.8, 0.027], [71951.0, 0.01], [71952.1, 0.013], [71961.0, 0.222], [71961.2, 0.0], [72001.4, 0.0], [72002.2, 2.844], [72021.4, 0.169], [72021.5, 0.632], [72023.4, 1.091], [72085.3, 0.0], [72115.2, 0.093], [72205.6, 0.0], [72289.6, 0.045], [72790.0, 6.147], [72796.1, 0.0], [72944.2, 1.37], [72962.6, 0.824], [72999.5, 1.908], [74000.0, 88.908]], "bids": [[1000.0, 195.66], [5000.0, 2.341], [33000.0, 16.152], [35952.7, 0.0], [64715.0, 0.003], [64715.2, 0.004], [69997.4, 0.005], [70846.4, 1.695], [70848.5, 0.247], [70998.8, 0.155], [71186.5, 0.0], [71382.5, 0.004], [71546.0, 0.0], [71605.5, 0.002], [71668.2, 0.0], [71689.8, 2.804], [71700.9, 0.0], [71701.1, 0.004], [71701.3, 0.0], [71701.5, 0.0], [71725.8, 0.008], [71824.1, 0.002], [71824.2, 0.002], [71824.4, 0.02], [71824.5, 0.023], [71834.5, 0.0], [71852.0, 0.006], [71855.3, 0.004], [71855.6, 0.561], [71857.3, 0.015], [71859.2, 26.684], [71859.3, 2.638], [71862.4, 0.05], [71868.4, 0.0], [71880.3, 0.025], [71882.1, 0.027], [71883.5, 0.01], [71883.8, 0.22], [71883.9, 0.077], [71885.7, 0.062], [71886.1, 1.235], [71886.3, 0.038], [71886.4, 0.0], [71887.5, 0.101], [71888.2, 0.091], [71888.3, 1.999], [71888.4, 2.187], [71888.5, 0.287], [71888.6, 0.042], [71889.2, 0.013], [71889.3, 0.06], [71889.8, 0.797], [71891.0, 0.532], [71891.1, 1.105], [71891.4, 0.227], [71892.9, 0.008], [71894.7, 0.076], [71894.8, 0.302], [71895.1, 0.033], [71895.2, 0.0], [71895.3, 5.0], [71895.5, 1.515], [71895.6, 1.754], [71895.7, 0.212], [71896.4, 0.064], [71896.5, 0.146], [71897.4, 1.042], [71897.5, 1.186], [71897.6, 0.009], [71897.7, 0.017], [71898.2, 2.088], [71898.3, 2.403], [71898.6, 0.797], [71899.2, 0.0], [71899.8, 0.082], [71900.0, 2.253], [71900.2, 0.03], [71903.3, 0.132], [71904.0, 0.046], [71905.5, 0.71]], "_doc": "7d3a6c47-51ab-4e34-9554-f66f20cc0816"}, {"timestamp": "2024-04-08 22:28:37", "receive_time": 1712611717.859, "asks": [[71905.6, 8.082], [71905.8, 0.0], [71905.9, 0.204], [71907.1, 0.111], [71909.2, 0.124], [71909.3, 0.083], [71910.8, 0.0], [71912.8, 0.051], [71913.6, 0.325], [71916.4, 0.018], [71919.5, 0.0], [71920.1, 1.113], [71920.7, 0.0], [71922.1, 0.14], [71923.4, 2.114], [71923.5, 0.102], [71924.2, 0.884], [71924.3, 0.341], [71924.6, 0.474], [71924.9, 0.004], [71925.4, 2.002], [71925.7, 0.142], [71926.8, 0.042], [71927.2, 0.01], [71928.6, 0.79], [71929.7, 0.753], [71929.8, 0.012], [71930.3, 0.01], [71934.6, 0.06], [71935.0, 0.909], [71935.1, 1.373], [71935.9, 2.138], [71938.7, 0.074], [71939.1, 1.013], [71942.5, 0.004], [71942.9, 0.021], [71943.1, 0.016], [71943.9, 0.002], [71948.3, 0.0], [71949.4, 0.862], [71952.1, 0.013], [71956.8, 0.019], [71958.3, 0.153], [71960.7, 0.002], [71960.8, 0.084], [71960.9, 0.121], [71961.0, 0.202], [71961.1, 0.062], [71961.2, 0.02], [71972.8, 0.013], [71992.1, 0.009], [72021.4, 2.369], [72021.5, 3.632], [72023.4, 2.691], [72058.2, 0.012], [72085.3, 0.0], [72089.1, 0.0], [72121.3, 2.773], [72125.1, 0.014], [72129.4, 0.0], [72200.6, 0.012], [72706.2, 0.0], [72750.7, 2.197], [72977.3, 1.725], [74000.0, 88.893], [74426.2, 0.0]], "bids": [[1000.0, 195.66], [5000.0, 2.341], [33000.0, 16.152], [35952.7, 0.0], [64718.4, 0.0], [68310.0, 0.189], [68313.8, 0.224], [70280.5, 0.858], [70290.3, 2.557], [70719.2, 0.835], [70720.9, 0.007], [70760.0, 1.558], [70985.2, 0.224], [71064.2, 0.281], [71130.0, 0.118], [71186.5, 0.0], [71233.6, 5.12], [71546.0, 0.0], [71546.3, 0.0], [71642.2, 0.014], [71642.4, 0.0], [71668.2, 0.6], [71689.8, 2.79], [71693.6, 0.0], [71700.9, 3.0], [71701.1, 1.604], [71701.3, 1.6], [71701.5, 0.6], [71713.4, 0.012], [71713.6, 0.0], [71725.8, 0.008], [71729.6, 0.0], [71768.5, 0.427], [71775.6, 0.077], [71784.6, 0.012], [71816.0, 0.009], [71816.3, 1.324], [71824.0, 0.002], [71824.2, 0.022], [71825.0, 0.016], [71832.9, 0.004], [71834.4, 0.033], [71834.5, 0.0], [71837.2, 0.948], [71845.2, 1.508], [71849.0, 0.026], [71849.1, 0.069], [71855.1, 0.395], [71857.3, 0.0], [71857.5, 0.428], [71858.7, 1.28], [71859.1, 0.07], [71859.2, 26.76], [71859.4, 2.06], [71860.8, 0.046], [71861.1, 0.027], [71861.5, 0.07], [71868.3, 0.002], [71868.4, 0.004], [71868.8, 0.947], [71872.5, 0.008], [71876.8, 0.011], [71877.5, 1.4], [71877.6, 1.077], [71883.9, 0.217], [71884.7, 0.892], [71884.8, 5.719], [71888.9, 1.042], [71890.4, 0.249], [71891.0, 0.532], [71891.4, 0.6], [71892.1, 0.002], [71892.3, 0.99], [71892.7, 1.025], [71893.9, 0.023], [71894.7, 3.076], [71895.9, 0.0], [71896.5, 0.146], [71898.3, 2.4], [71899.2, 1.975], [71900.2, 0.038], [71900.6, 0.0], [71901.9, 0.002], [71903.8, 0.0], [71903.9, 0.0], [71905.5, 0.351]], "_doc": "55dd740d-6e3a-4d49-a054-a7f88ef67229"}, {"timestamp": "2024-04-08 22:28:37", "receive_time": 1712611717.349, "asks": [[71904.3, 0.0], [71905.6, 6.649], [71905.7, 0.0], [71905.8, 0.487], [71905.9, 1.381], [71906.1, 0.004], [71906.4, 0.0], [71906.8, 0.0], [71907.1, 0.0], [71907.2, 0.0], [71907.3, 0.015], [71907.5, 0.0], [71907.7, 0.0], [71907.8, 0.006], [71907.9, 0.0], [71909.0, 0.113], [71909.1, 0.176], [71909.2, 0.004], [71909.3, 0.0], [71909.4, 0.743], [71910.0, 0.315], [71910.9, 0.489], [71911.0, 0.15], [71911.6, 0.04], [71912.4, 0.122], [71912.8, 0.008], [71913.0, 0.056], [71913.2, 0.258], [71913.8, 0.0], [71914.2, 0.004], [71914.4, 0.315], [71914.5, 0.019], [71914.6, 0.271], [71914.7, 0.0], [71914.8, 0.0], [71914.9, 0.07], [71915.0, 0.016], [71915.3, 0.385], [71915.6, 0.228], [71915.7, 0.064], [71915.9, 0.48], [71916.0, 0.675], [71916.2, 0.0], [71916.3, 0.396], [71916.4, 0.133], [71916.5, 0.217], [71916.6, 0.097], [71916.7, 0.07], [71917.1, 0.111], [71917.2, 0.0], [71917.6, 0.0], [71917.7, 0.002], [71917.9, 0.491], [71918.0, 0.801], [71918.5, 0.335], [71918.8, 0.042], [71918.9, 0.262], [71919.0, 0.014], [71919.5, 0.006], [71919.9, 1.098], [71920.0, 1.068], [71920.1, 1.115], [71920.2, 0.002], [71920.7, 1.953], [71920.8, 0.072], [71920.9, 0.06], [71921.3, 0.0], [71922.1, 0.142], [71922.4, 0.0], [71923.5, 0.104], [71923.7, 0.04], [71924.3, 0.341], [71924.4, 0.617], [71924.6, 0.022], [71925.3, 0.0], [71925.5, 0.013], [71926.6, 0.0], [71927.1, 0.042], [71927.2, 0.053], [71927.9, 0.841], [71928.0, 0.174], [71929.2, 0.012], [71929.3, 0.14], [71929.4, 0.012], [71929.5, 0.0], [71929.6, 0.014], [71929.7, 0.743], [71929.9, 0.068], [71931.2, 0.01], [71931.5, 2.417], [71933.2, 0.3], [71934.1, 0.0], [71935.9, 0.157], [71936.6, 0.067], [71936.7, 0.0], [71937.3, 0.0], [71937.7, 1.12], [71938.0, 1.081], [71938.6, 0.005], [71938.7, 2.055], [71938.9, 0.105], [71939.3, 0.0], [71939.6, 0.0], [71940.1, 1.327], [71942.7, 0.045], [71943.6, 0.097], [71943.9, 1.011], [71945.9, 0.0], [71946.0, 0.013], [71946.8, 1.174], [71947.5, 0.0], [71948.3, 26.19], [71949.4, 0.376], [71949.5, 0.0], [71949.8, 1.003], [71951.1, 0.125], [71951.2, 0.012], [71951.6, 0.066], [71951.9, 0.0], [71955.5, 1.109], [71959.5, 0.0], [71960.7, 0.022], [71960.8, 0.104], [71960.9, 0.121], [71961.1, 0.042], [71961.2, 0.0], [71961.9, 0.0], [71962.2, 0.008], [71968.3, 0.027], [71979.2, 2.226], [71992.4, 0.0], [71995.0, 0.342], [72005.9, 0.087], [72006.2, 0.01], [72013.6, 0.155], [72021.4, 2.369], [72021.5, 3.632], [72023.4, 2.691], [72072.4, 0.005], [72072.7, 0.006], [72112.6, 0.014], [72115.2, 0.093], [72196.3, 0.002], [72202.7, 0.035], [72205.6, 0.0], [72292.8, 0.014], [72292.9, 0.002], [72592.5, 8.663], [72654.6, 0.0], [72923.7, 1.081], [74000.0, 88.908], [74709.9, 0.053], [75069.4, 0.053]], "bids": [[1000.0, 195.66], [5000.0, 2.341], [10000.0, 38.14], [33000.0, 16.152], [35952.9, 0.0], [64715.2, 0.002], [64718.4, 0.002], [68313.8, 0.226], [71024.7, 0.004], [71186.5, 0.0], [71186.8, 0.049], [71222.6, 0.561], [71222.7, 0.563], [71235.8, 2.037], [71254.6, 0.145], [71543.1, 0.012], [71546.3, 0.0], [71581.8, 0.009], [71605.5, 0.002], [71618.4, 0.042], [71633.2, 0.012], [71649.1, 2.734], [71668.2, 0.0], [71668.5, 0.0], [71672.1, 0.0], [71689.8, 0.0], [71690.1, 0.0], [71700.7, 0.0], [71700.9, 3.0], [71701.1, 1.604], [71701.3, 1.6], [71701.5, 0.6], [71722.2, 0.0], [71723.3, 0.157], [71746.3, 0.002], [71746.6, 0.002], [71762.1, 0.0], [71788.6, 0.0], [71805.2, 0.048], [71805.5, 0.003], [71805.8, 0.155], [71812.8, 0.083], [71821.4, 0.002], [71824.0, 0.022], [71824.2, 0.002], [71833.1, 0.0], [71833.5, 6.445], [71835.7, 0.521], [71836.0, 1.572], [71838.3, 0.076], [71841.0, 0.195], [71844.8, 6.115], [71845.2, 1.553], [71845.9, 0.03], [71847.9, 0.039], [71849.3, 1.074], [71851.0, 0.245], [71851.5, 0.076], [71851.6, 0.173], [71851.9, 0.002], [71853.8, 0.021], [71855.5, 0.013], [71858.0, 8.002], [71858.1, 0.08], [71859.1, 26.7], [71859.3, 2.638], [71860.7, 1.024], [71860.8, 0.044], [71862.6, 0.143], [71862.7, 0.038], [71862.9, 0.146], [71864.4, 0.037], [71867.8, 1.045], [71868.6, 2.818], [71868.8, 0.951], [71869.2, 0.037], [71872.1, 1.983], [71872.4, 0.002], [71872.8, 0.036], [71873.4, 0.0], [71873.7, 0.091], [71874.6, 0.004], [71877.5, 1.057], [71877.6, 1.42], [71878.4, 0.318], [71880.3, 0.165], [71880.6, 0.278], [71881.7, 0.157], [71882.1, 0.167], [71882.4, 0.052], [71883.8, 0.23], [71883.9, 0.217], [71884.2, 1.844], [71884.5, 0.303], [71884.7, 0.55], [71884.9, 0.02], [71885.0, 0.397], [71885.1, 0.052], [71885.7, 0.202], [71886.0, 0.094], [71886.3, 0.038], [71886.6, 0.303], [71887.5, 0.241], [71887.7, 0.091], [71887.8, 0.447], [71888.1, 0.327], [71888.2, 2.091], [71889.1, 0.572], [71889.3, 0.2], [71889.6, 0.221], [71890.4, 0.251], [71891.1, 1.245], [71891.4, 0.489], [71892.6, 0.303], [71892.7, 1.026], [71892.8, 0.06], [71892.9, 0.148], [71893.1, 0.271], [71893.2, 0.009], [71893.7, 0.07], [71894.1, 0.038], [71894.4, 0.455], [71894.5, 0.004], [71894.6, 0.011], [71894.7, 3.146], [71894.8, 2.304], [71895.0, 2.242], [71895.5, 1.515], [71895.7, 0.282], [71895.8, 0.0], [71895.9, 2.03], [71896.1, 0.111], [71896.2, 0.0], [71896.3, 1.042], [71896.4, 1.064], [71896.5, 0.216], [71896.6, 0.043], [71896.8, 0.0], [71897.5, 0.186], [71897.6, 0.009], [71897.8, 0.0], [71898.1, 0.007], [71898.3, 2.414], [71898.4, 0.039], [71898.6, 0.792], [71899.2, 0.0], [71900.0, 2.323], [71900.6, 0.008], [71901.0, 0.091], [71901.9, 1.202], [71902.2, 0.012], [71903.9, 0.111], [71905.4, 0.01], [71905.5, 0.76], [71905.7, 0.0], [71905.8, 0.0], [71905.9, 0.0]], "_doc": "d9be817b-292c-46b8-9bb2-cb621281eef1"}, {"timestamp": "2024-04-08 22:28:36", "receive_time": 1712611716.848, "asks": [[71905.9, 7.768], [71907.0, 0.13], [71909.4, 0.755], [71911.3, 0.014], [71913.1, 0.034], [71914.9, 1.07], [71916.7, 0.07], [71918.5, 0.14], [71919.7, 0.028], [71922.1, 0.14], [71923.5, 0.098], [71924.9, 0.456], [71927.5, 0.457], [71928.3, 0.044], [71928.4, 0.1], [71929.0, 0.195], [71929.2, 0.012], [71929.5, 0.23], [71930.3, 0.02], [71931.4, 0.0], [71931.5, 0.417], [71933.7, 0.018], [71937.2, 0.279], [71938.2, 0.015], [71938.9, 1.114], [71939.4, 1.146], [71940.5, 0.745], [71943.9, 0.002], [71949.1, 0.225], [71950.3, 0.012], [71951.8, 0.052], [71951.9, 26.109], [71955.0, 0.006], [71955.5, 1.109], [71958.3, 0.058], [71961.0, 0.297], [71961.1, 0.062], [71961.2, 0.02], [71961.3, 0.002], [71961.4, 0.002], [71961.7, 0.075], [71966.3, 0.004], [71984.2, 0.39], [72003.5, 11.226], [72004.9, 0.014], [72006.3, 0.042], [72021.4, 2.369], [72021.5, 3.632], [72023.4, 2.691], [72361.4, 0.022], [72586.6, 0.549], [72592.5, 8.114], [72911.3, 0.276], [72980.9, 9.385], [73074.3, 0.64], [73964.1, 0.675], [74000.0, 88.893]], "bids": [[1000.0, 195.66], [5000.0, 2.341], [10000.0, 38.15], [33000.0, 16.152], [35952.9, 0.0], [64718.4, 0.004], [66905.8, 0.004], [66909.3, 0.009], [69996.9, 0.0], [70200.0, 22.986], [70438.7, 0.02], [70998.8, 0.16], [71122.1, 0.281], [71125.5, 9.868], [71186.8, 0.049], [71216.9, 0.561], [71222.8, 0.561], [71463.0, 0.0], [71546.3, 0.01], [71549.8, 0.05], [71690.1, 0.014], [71700.7, 3.0], [71700.9, 1.6], [71701.1, 1.604], [71701.3, 0.6], [71783.4, 0.0], [71805.5, 0.051], [71813.0, 0.06], [71816.3, 1.326], [71819.8, 0.324], [71824.1, 0.022], [71824.2, 0.022], [71824.3, 0.003], [71824.4, 0.0], [71824.5, 0.003], [71827.3, 0.255], [71837.0, 1.035], [71842.9, 0.0], [71844.8, 6.205], [71845.8, 0.356], [71847.0, 0.0], [71848.9, 0.135], [71849.1, 0.028], [71849.3, 1.154], [71849.6, 0.011], [71852.4, 0.0], [71852.6, 1.671], [71855.5, 0.013], [71857.8, 0.002], [71858.0, 8.084], [71858.9, 0.008], [71859.1, 26.756], [71861.1, 0.029], [71862.7, 1.238], [71864.6, 0.0], [71865.1, 1.01], [71865.3, 0.25], [71866.3, 0.0], [71868.6, 2.822], [71869.8, 0.222], [71869.9, 0.004], [71870.3, 0.0], [71870.8, 0.0], [71871.7, 0.044], [71871.9, 0.056], [71879.7, 0.834], [71880.1, 1.826], [71880.6, 0.418], [71882.1, 0.027], [71882.4, 0.192], [71883.5, 0.0], [71884.2, 1.988], [71884.7, 0.076], [71884.8, 6.061], [71885.6, 2.253], [71885.7, 0.072], [71886.0, 0.234], [71886.4, 0.0], [71887.8, 0.587], [71887.9, 0.0], [71888.4, 0.197], [71888.9, 1.044], [71889.6, 0.361], [71889.7, 0.222], [71889.9, 0.182], [71890.5, 0.014], [71891.4, 0.74], [71891.6, 0.061], [71892.1, 0.0], [71892.3, 0.992], [71892.4, 0.08], [71892.9, 0.258], [71893.1, 0.29], [71893.2, 0.149], [71894.4, 5.455], [71894.5, 0.016], [71894.6, 0.011], [71895.0, 2.312], [71895.8, 0.01], [71896.0, 0.142], [71896.8, 0.07], [71898.6, 0.018], [71900.7, 0.253], [71901.0, 0.169], [71901.1, 0.766], [71901.3, 0.0], [71901.5, 0.0], [71901.9, 0.004], [71902.2, 0.01], [71905.8, 0.295]], "_doc": "5904c781-bbba-42e0-a9cc-516be38d1f23"}, {"timestamp": "2024-04-08 22:28:36", "receive_time": 1712611716.346, "asks": [[71905.9, 7.703], [71906.0, 0.0], [71906.1, 0.0], [71906.2, 0.0], [71906.3, 0.01], [71906.4, 0.008], [71906.5, 0.0], [71906.6, 0.0], [71906.7, 0.0], [71906.8, 0.0], [71906.9, 0.0], [71907.0, 0.0], [71907.1, 0.498], [71907.2, 2.034], [71907.3, 0.126], [71907.4, 0.0], [71907.5, 2.034], [71907.6, 0.002], [71907.7, 1.189], [71907.8, 0.0], [71907.9, 0.692], [71908.0, 0.142], [71908.1, 0.25], [71908.2, 0.0], [71908.3, 0.0], [71908.4, 0.0], [71908.5, 0.0], [71908.6, 0.0], [71908.7, 0.0], [71908.8, 0.0], [71908.9, 0.0], [71909.0, 0.0], [71909.1, 0.172], [71909.2, 0.0], [71909.3, 0.844], [71909.4, 0.775], [71909.7, 0.124], [71909.8, 0.002], [71909.9, 0.0], [71910.3, 0.002], [71910.8, 0.042], [71910.9, 0.015], [71911.0, 0.15], [71911.1, 0.04], [71911.3, 0.014], [71911.7, 0.002], [71911.9, 0.229], [71912.4, 0.133], [71912.5, 0.008], [71912.7, 0.042], [71912.9, 0.08], [71913.1, 0.034], [71913.6, 0.025], [71913.7, 0.024], [71913.8, 0.007], [71914.2, 0.07], [71914.3, 0.004], [71914.4, 0.224], [71914.5, 0.019], [71914.9, 1.07], [71915.0, 0.01], [71915.2, 0.0], [71915.6, 0.613], [71915.7, 0.064], [71916.2, 0.48], [71916.3, 0.457], [71916.4, 0.0], [71916.6, 0.511], [71916.7, 0.07], [71917.6, 0.0], [71917.7, 0.0], [71917.8, 0.404], [71917.9, 0.491], [71918.2, 0.002], [71918.5, 0.14], [71918.6, 0.091], [71918.7, 0.002], [71918.8, 0.243], [71919.1, 0.0], [71919.2, 0.021], [71919.3, 0.508], [71919.4, 0.139], [71919.5, 0.0], [71919.7, 0.04], [71919.8, 0.0], [71919.9, 1.104], [71920.1, 1.115], [71920.3, 0.14], [71920.6, 0.028], [71920.7, 1.953], [71920.8, 0.072], [71920.9, 0.056], [71921.2, 0.101], [71921.5, 0.04], [71921.6, 0.023], [71921.8, 0.0], [71922.1, 0.142], [71922.2, 0.0], [71922.3, 0.0], [71922.4, 0.004], [71922.7, 0.028], [71922.9, 0.013], [71923.1, 0.0], [71923.4, 2.11], [71923.5, 0.096], [71923.6, 0.016], [71923.7, 0.042], [71923.9, 0.14], [71924.0, 0.823], [71924.1, 0.0], [71924.2, 0.415], [71924.3, 0.808], [71924.4, 0.619], [71924.5, 0.002], [71924.6, 0.024], [71924.8, 0.16], [71925.2, 0.13], [71925.3, 0.0], [71925.5, 0.055], [71925.7, 0.14], [71926.0, 0.1], [71926.2, 0.0], [71926.7, 0.34], [71926.8, 0.04], [71927.3, 0.0], [71927.5, 0.14], [71927.6, 0.028], [71927.7, 0.082], [71928.4, 0.552], [71928.6, 0.788], [71928.7, 0.0], [71928.9, 0.021], [71929.0, 0.205], [71929.1, 0.623], [71929.3, 0.14], [71929.6, 2.014], [71929.7, 0.943], [71929.8, 0.01], [71929.9, 0.068], [71930.0, 2.335], [71930.1, 0.0], [71930.2, 0.117], [71930.4, 0.222], [71930.7, 0.195], [71930.8, 0.005], [71931.1, 0.14], [71931.4, 0.01], [71931.5, 0.469], [71931.7, 0.0], [71931.8, 0.222], [71931.9, 0.0], [71932.1, 0.118], [71932.3, 0.182], [71932.5, 1.165], [71932.6, 0.0], [71932.7, 0.148], [71932.8, 0.176], [71933.0, 0.0], [71933.3, 0.0], [71933.4, 0.43], [71933.7, 0.01], [71933.9, 1.227], [71934.1, 0.056], [71934.3, 0.066], [71934.7, 0.004], [71934.9, 0.0], [71935.2, 1.037], [71935.3, 0.04], [71935.7, 0.786], [71935.9, 0.091], [71936.1, 0.048], [71937.0, 0.023], [71937.3, 1.009], [71937.6, 0.002], [71938.1, 0.141], [71938.2, 0.338], [71938.3, 0.0], [71938.7, 0.074], [71938.9, 0.105], [71939.2, 1.141], [71939.3, 1.981], [71939.4, 1.101], [71939.6, 0.0], [71939.7, 0.972], [71939.9, 7.387], [71940.3, 0.0], [71940.9, 0.02], [71941.8, 0.005], [71942.0, 0.002], [71942.2, 0.002], [71942.7, 0.049], [71942.9, 0.005], [71943.3, 0.035], [71943.4, 0.0], [71943.9, 1.011], [71944.0, 0.152], [71944.1, 0.0], [71944.2, 0.012], [71944.8, 0.0], [71945.0, 0.0], [71945.2, 0.03], [71945.9, 1.147], [71946.0, 0.006], [71946.1, 0.032], [71946.2, 0.415], [71947.1, 0.0], [71947.5, 0.125], [71947.6, 0.56], [71948.1, 0.005], [71948.8, 1.67], [71949.2, 0.0], [71949.4, 0.029], [71950.7, 0.347], [71951.2, 0.012], [71951.4, 1.599], [71951.6, 0.108], [71951.8, 26.161], [71952.5, 0.0], [71953.5, 0.002], [71953.7, 0.024], [71953.9, 0.415], [71955.3, 0.012], [71956.5, 0.019], [71957.0, 1.076], [71958.3, 0.153], [71958.5, 0.021], [71960.5, 0.0], [71960.7, 0.002], [71961.3, 0.022], [71961.4, 0.022], [71961.5, 0.042], [71961.6, 0.0], [71962.2, 0.0], [71963.8, 0.148], [71966.9, 0.0], [71967.9, 0.002], [71968.0, 0.464], [71972.4, 0.082], [71978.6, 1.506], [71978.7, 5.893], [71978.8, 0.016], [71979.2, 1.114], [71980.3, 0.044], [71982.2, 0.013], [71982.7, 1.253], [71991.6, 1.771], [71992.0, 2.513], [71992.4, 0.004], [71994.3, 0.008], [71995.4, 0.166], [71995.9, 0.005], [71996.4, 0.0], [71998.5, 0.055], [72000.0, 20.141], [72003.8, 0.002], [72005.4, 0.068], [72006.2, 0.058], [72009.7, 0.0], [72011.8, 0.031], [72021.4, 2.369], [72021.5, 3.632], [72023.4, 2.691], [72023.5, 0.0], [72046.2, 0.007], [72054.4, 0.013], [72063.7, 0.0], [72072.7, 0.008], [72076.2, 0.632], [72077.8, 0.03], [72108.0, 0.009], [72109.7, 0.023], [72125.2, 0.633], [72149.8, 0.0], [72205.9, 0.0], [72248.5, 0.675], [72292.0, 0.02], [72435.6, 0.216], [72477.9, 0.206], [72903.3, 0.346], [72965.9, 0.0], [72980.9, 8.714], [73131.9, 1.46], [73850.9, 0.0], [74000.0, 88.908], [74925.9, 0.057]], "bids": [[1000.0, 195.66], [5000.0, 2.341], [33000.0, 16.156], [64718.4, 0.002], [68310.5, 0.002], [68313.8, 0.228], [70330.9, 0.71], [70331.0, 0.71], [70678.2, 0.851], [71110.8, 0.024], [71186.8, 0.049], [71188.3, 1.016], [71188.4, 0.0], [71190.0, 1.051], [71190.3, 0.0], [71233.6, 5.676], [71254.6, 0.186], [71549.8, 0.06], [71605.8, 0.0], [71668.5, 0.6], [71672.9, 0.5], [71676.1, 0.0], [71690.1, 0.0], [71690.4, 0.002], [71693.6, 2.79], [71700.4, 0.0], [71700.6, 0.151], [71700.7, 3.0], [71700.8, 0.0], [71700.9, 1.6], [71701.0, 0.002], [71701.1, 1.604], [71701.3, 0.6], [71706.0, 0.052], [71708.0, 0.011], [71722.2, 0.073], [71746.6, 0.004], [71749.2, 0.04], [71750.1, 0.0], [71760.5, 2.037], [71762.4, 2.002], [71765.3, 2.586], [71771.8, 0.028], [71775.4, 0.58], [71780.0, 0.055], [71783.4, 0.353], [71805.5, 0.051], [71805.8, 0.113], [71809.0, 0.04], [71809.5, 2.509], [71813.9, 0.0], [71815.8, 0.0], [71820.0, 0.191], [71821.4, 1.831], [71822.1, 0.633], [71824.2, 0.002], [71824.4, 0.02], [71824.5, 0.023], [71824.6, 0.004], [71824.7, 0.018], [71824.8, 0.0], [71824.9, 0.009], [71825.1, 0.004], [71828.3, 0.0], [71828.8, 0.0], [71832.5, 1.117], [71832.8, 0.287], [71833.1, 0.004], [71834.1, 2.203], [71834.5, 0.0], [71835.6, 0.042], [71835.7, 0.318], [71835.8, 0.153], [71836.0, 2.684], [71836.8, 0.002], [71836.9, 0.0], [71837.2, 0.864], [71839.8, 0.04], [71841.6, 0.502], [71842.1, 0.047], [71842.4, 0.21], [71842.9, 0.321], [71843.2, 0.0], [71843.5, 0.0], [71843.9, 0.0], [71844.8, 6.198], [71844.9, 0.04], [71845.1, 0.014], [71846.7, 0.028], [71847.5, 0.802], [71847.9, 0.067], [71848.7, 0.279], [71848.9, 0.028], [71849.5, 0.625], [71849.6, 0.086], [71850.5, 0.096], [71851.7, 0.021], [71851.8, 0.0], [71851.9, 0.002], [71852.3, 0.034], [71852.5, 0.519], [71852.6, 1.751], [71853.2, 0.002], [71855.4, 0.002], [71855.6, 0.561], [71855.7, 0.043], [71855.8, 0.173], [71856.1, 0.002], [71856.9, 0.303], [71857.8, 0.078], [71858.7, 1.32], [71858.9, 26.694], [71859.0, 0.0], [71859.1, 0.07], [71859.2, 0.13], [71860.0, 0.14], [71860.5, 0.218], [71860.9, 0.004], [71861.1, 0.027], [71861.9, 0.0], [71862.1, 0.04], [71862.5, 0.146], [71862.6, 1.104], [71862.7, 0.038], [71863.2, 0.012], [71863.3, 0.055], [71864.0, 0.042], [71864.4, 0.637], [71864.6, 0.002], [71864.9, 0.42], [71865.6, 3.269], [71865.7, 1.012], [71866.3, 1.01], [71866.5, 0.055], [71866.9, 0.163], [71867.3, 0.002], [71867.8, 1.245], [71867.9, 0.048], [71869.0, 0.055], [71869.2, 0.637], [71869.3, 0.0], [71869.5, 0.025], [71869.6, 0.0], [71869.8, 0.226], [71870.1, 0.0], [71870.5, 0.025], [71870.6, 0.0], [71872.4, 0.007], [71872.8, 0.04], [71873.4, 1.983], [71874.0, 0.014], [71874.1, 0.608], [71874.5, 0.0], [71874.6, 0.204], [71875.0, 0.404], [71875.6, 0.278], [71875.9, 0.097], [71876.5, 1.936], [71877.0, 0.01], [71879.0, 0.188], [71879.2, 0.002], [71879.3, 0.08], [71879.6, 0.089], [71880.1, 0.227], [71880.7, 0.18], [71881.2, 1.202], [71881.3, 1.358], [71882.4, 1.651], [71882.6, 0.711], [71882.7, 0.028], [71882.8, 0.023], [71883.2, 0.525], [71883.5, 0.01], [71883.7, 0.325], [71884.0, 0.24], [71884.4, 0.002], [71884.6, 0.04], [71884.8, 6.535], [71884.9, 0.002], [71885.0, 0.341], [71885.6, 1.106], [71885.7, 0.062], [71885.8, 0.0], [71885.9, 0.087], [71886.1, 1.235], [71886.3, 0.316], [71886.4, 0.01], [71886.5, 0.32], [71886.6, 0.342], [71886.7, 0.0], [71886.8, 0.225], [71887.3, 0.09], [71887.7, 0.147], [71887.8, 0.447], [71887.9, 1.147], [71888.1, 2.327], [71888.2, 0.091], [71888.3, 1.999], [71888.4, 0.187], [71888.5, 0.287], [71888.7, 0.0], [71888.8, 0.524], [71888.9, 1.042], [71889.0, 0.902], [71889.1, 0.683], [71889.2, 0.003], [71889.3, 0.06], [71889.4, 0.29], [71889.5, 0.07], [71889.7, 1.905], [71889.8, 0.073], [71889.9, 0.184], [71890.1, 0.105], [71890.3, 1.133], [71890.4, 0.569], [71890.5, 0.706], [71890.6, 0.0], [71890.8, 0.149], [71890.9, 0.028], [71891.0, 0.53], [71891.2, 1.072], [71891.3, 0.237], [71891.4, 0.227], [71891.5, 0.009], [71891.6, 0.059], [71891.7, 0.139], [71892.0, 0.275], [71892.1, 0.002], [71892.2, 1.937], [71892.4, 0.145], [71892.6, 0.108], [71892.7, 0.97], [71892.8, 0.06], [71892.9, 0.205], [71893.0, 0.165], [71893.1, 0.29], [71893.2, 0.009], [71893.3, 0.072], [71893.4, 0.016], [71893.7, 2.111], [71893.8, 2.218], [71893.9, 0.021], [71894.0, 1.108], [71894.1, 0.028], [71894.2, 0.015], [71894.3, 0.781], [71894.5, 5.014], [71894.6, 0.013], [71894.7, 0.076], [71894.8, 0.002], [71894.9, 0.0], [71895.0, 2.242], [71895.1, 1.636], [71895.2, 0.0], [71895.3, 0.0], [71895.4, 0.0], [71895.5, 1.505], [71895.6, 0.023], [71895.7, 0.212], [71895.8, 0.01], [71895.9, 0.0], [71896.0, 0.002], [71896.1, 0.111], [71896.2, 0.0], [71896.3, 1.042], [71896.4, 0.064], [71896.5, 0.146], [71896.6, 0.113], [71896.8, 0.0], [71896.9, 0.002], [71897.2, 0.117], [71897.4, 1.042], [71897.5, 0.176], [71897.6, 0.352], [71897.7, 0.017], [71898.0, 0.017], [71898.1, 0.003], [71898.3, 0.0], [71898.4, 0.041], [71898.6, 1.2], [71898.7, 0.0], [71898.8, 0.039], [71898.9, 0.0], [71899.0, 0.0], [71899.1, 0.0], [71899.2, 0.01], [71899.3, 0.006], [71899.4, 0.185], [71899.5, 0.002], [71899.6, 0.0], [71899.7, 0.0], [71900.1, 0.0], [71900.2, 0.03], [71900.3, 0.0], [71900.4, 0.0], [71900.8, 0.111], [71900.9, 0.0], [71901.0, 0.161], [71901.1, 0.781], [71901.2, 0.084], [71901.3, 0.01], [71901.6, 0.0], [71901.8, 0.0], [71901.9, 0.012], [71902.0, 0.002], [71902.1, 0.215], [71902.2, 0.0], [71902.3, 0.0], [71902.4, 0.0], [71902.6, 0.002], [71902.7, 0.0], [71902.9, 0.061], [71903.2, 0.185], [71903.8, 0.0], [71904.0, 0.004], [71904.1, 0.308], [71905.5, 0.099], [71905.7, 0.012], [71905.8, 0.592], [71905.9, 0.0], [71906.0, 0.0], [71906.1, 0.0], [71906.4, 0.0], [71906.5, 0.0], [71906.7, 0.0], [71906.8, 0.0], [71907.3, 0.0], [71907.4, 0.0], [71907.5, 0.0], [71907.7, 0.0], [71907.8, 0.0], [71907.9, 0.0], [71908.0, 0.0], [71908.2, 0.0], [71908.9, 0.0], [71909.2, 0.0], [71909.3, 0.0]], "_doc": "0193070d-da5e-4e3f-a591-25e192d894cc"}, {"timestamp": "2024-04-08 22:28:35", "receive_time": 1712611715.842, "asks": [[71909.4, 5.159], [71915.2, 0.068], [71924.6, 0.024], [71925.5, 0.042], [71927.9, 0.499], [71928.0, 0.516], [71936.7, 0.063], [71939.3, 0.0], [71944.1, 1.981], [71944.3, 0.002], [71946.1, 1.041], [71946.7, 0.0], [71947.0, 0.0], [71947.5, 0.125], [71948.1, 1.152], [71949.2, 0.0], [71951.6, 0.042], [71951.8, 25.982], [71982.7, 2.823], [72021.4, 2.369], [72021.5, 3.632], [72023.5, 1.6], [72053.2, 2.084], [72148.5, 0.1], [72557.1, 0.79], [72917.2, 0.74], [73919.8, 0.47], [73994.7, 0.0], [74000.0, 88.893], [74570.0, 0.048]], "bids": [[1000.0, 195.66], [5000.0, 2.341], [33000.0, 16.152], [35954.6, 0.0], [68313.0, 0.036], [68313.8, 0.226], [70944.1, 0.0], [71190.3, 0.0], [71549.8, 0.06], [71690.4, 0.0], [71693.6, 2.79], [71700.4, 3.0], [71700.6, 1.751], [71700.8, 1.6], [71701.0, 0.602], [71762.2, 0.162], [71765.5, 2.09], [71800.1, 0.0], [71810.1, 1.401], [71813.0, 0.06], [71817.9, 0.042], [71834.5, 0.0], [71836.0, 1.114], [71841.3, 0.0], [71857.6, 0.083], [71862.4, 0.05], [71862.5, 26.964], [71862.6, 0.747], [71867.2, 0.2], [71871.8, 0.662], [71872.3, 0.0], [71872.4, 0.011], [71877.6, 1.9], [71877.9, 0.0], [71884.6, 0.73], [71884.8, 6.537], [71888.7, 0.225], [71889.2, 0.003], [71890.4, 2.232], [71890.5, 0.692], [71890.6, 0.01], [71893.9, 0.0], [71896.0, 2.144], [71898.0, 0.038], [71898.3, 0.016], [71902.1, 2.615], [71905.7, 0.0], [71909.3, 1.636]], "_doc": "a82ad2a3-814e-4687-8319-97abcba694e4"}, {"timestamp": "2024-04-08 22:28:35", "receive_time": 1712611715.336, "asks": [[71909.3, 0.0], [71909.4, 5.157], [71909.7, 0.121], [71910.3, 0.0], [71911.6, 0.046], [71911.8, 0.0], [71913.0, 0.161], [71913.1, 0.02], [71915.7, 0.214], [71916.3, 0.07], [71917.0, 0.052], [71917.4, 0.0], [71918.7, 0.764], [71919.3, 0.018], [71919.4, 3.0], [71919.5, 0.111], [71919.6, 0.0], [71921.4, 0.0], [71923.4, 2.14], [71923.5, 0.004], [71923.7, 0.068], [71924.1, 0.002], [71924.3, 0.836], [71924.4, 0.589], [71924.5, 2.215], [71924.7, 0.002], [71924.8, 0.162], [71925.7, 0.002], [71927.8, 0.03], [71927.9, 0.501], [71928.8, 0.021], [71930.0, 2.427], [71930.1, 0.07], [71931.4, 0.012], [71933.0, 2.0], [71933.1, 0.796], [71933.2, 0.312], [71933.3, 0.2], [71933.9, 1.505], [71935.0, 0.429], [71935.1, 1.853], [71937.4, 0.158], [71939.0, 0.061], [71939.1, 0.004], [71939.3, 0.0], [71939.6, 0.0], [71943.0, 0.006], [71943.6, 0.097], [71943.8, 0.0], [71943.9, 0.002], [71944.1, 0.0], [71944.2, 0.972], [71944.3, 1.983], [71944.4, 0.003], [71944.8, 1.009], [71945.9, 0.0], [71946.2, 0.419], [71949.3, 0.0], [71949.5, 0.833], [71951.6, 25.808], [71961.3, 0.002], [71961.4, 0.002], [71961.5, 0.157], [71961.6, 0.02], [71961.7, 0.284], [71961.8, 0.002], [71961.9, 0.03], [71982.7, 3.935], [71995.5, 0.0], [72000.0, 20.147], [72013.6, 0.197], [72021.4, 2.369], [72021.5, 3.632], [72023.5, 1.6], [72196.3, 0.044], [72209.4, 0.005], [72248.5, 0.005], [72557.1, 0.04], [72598.8, 0.146], [72693.2, 5.716], [72699.5, 1.1], [72917.2, 0.0], [73534.6, 12.225], [73919.8, 0.0], [74000.0, 88.908]], "bids": [[1000.0, 195.66], [5000.0, 2.341], [33000.0, 16.152], [35954.6, 0.0], [64718.4, 0.0], [70722.8, 13.333], [70867.1, 0.594], [70909.8, 9.541], [70922.1, 0.0], [70923.2, 0.002], [70988.9, 1.037], [71135.1, 1.067], [71190.0, 2.061], [71190.2, 0.014], [71190.3, 0.0], [71549.8, 0.05], [71609.3, 0.0], [71622.5, 0.0], [71690.4, 0.002], [71693.6, 2.804], [71700.4, 3.0], [71700.6, 1.751], [71700.8, 1.6], [71701.0, 0.602], [71758.2, 0.017], [71805.8, 0.113], [71809.9, 0.0], [71812.8, 0.083], [71817.8, 5.0], [71821.4, 0.002], [71822.1, 0.631], [71824.4, 0.0], [71824.5, 0.003], [71824.7, 0.018], [71824.8, 0.02], [71824.9, 0.029], [71827.8, 0.0], [71836.0, 0.002], [71849.5, 0.625], [71856.9, 0.083], [71858.8, 0.203], [71862.1, 0.036], [71862.4, 26.868], [71862.5, 0.15], [71862.6, 0.143], [71863.1, 0.833], [71863.2, 0.012], [71863.3, 0.044], [71864.2, 0.07], [71864.9, 0.432], [71870.1, 1.01], [71870.9, 0.017], [71871.6, 0.15], [71871.8, 0.666], [71876.0, 0.14], [71877.3, 2.074], [71877.5, 0.577], [71877.6, 1.42], [71884.6, 1.204], [71884.8, 6.061], [71885.7, 0.386], [71885.8, 0.018], [71886.3, 0.306], [71886.7, 0.088], [71887.2, 0.013], [71888.1, 0.073], [71888.3, 2.055], [71889.2, 0.013], [71889.9, 0.0], [71890.0, 0.545], [71890.1, 0.049], [71890.4, 0.232], [71890.5, 2.692], [71892.6, 0.04], [71893.7, 0.242], [71894.6, 0.242], [71894.9, 0.03], [71895.0, 1.044], [71895.2, 0.056], [71896.9, 0.128], [71897.0, 0.005], [71897.7, 0.031], [71897.8, 0.0], [71897.9, 0.0], [71898.0, 0.017], [71898.3, 1.931], [71898.5, 0.15], [71898.6, 0.028], [71898.7, 2.0], [71898.8, 3.039], [71898.9, 1.044], [71899.1, 1.588], [71899.6, 0.554], [71899.7, 0.594], [71900.1, 0.002], [71900.2, 0.002], [71900.3, 1.0], [71900.4, 0.008], [71902.1, 2.624], [71903.8, 0.07], [71905.6, 0.0], [71909.3, 1.786]], "_doc": "676f5feb-fe55-4720-94b9-4c731ddc1a7d"}, {"timestamp": "2024-04-08 22:28:34", "receive_time": 1712611714.834, "asks": [[71909.4, 5.141], [71909.7, 0.125], [71910.3, 0.04], [71911.6, 0.006], [71912.1, 0.0], [71912.9, 0.08], [71913.0, 0.171], [71913.9, 0.056], [71914.5, 0.302], [71916.6, 0.123], [71916.7, 0.008], [71917.4, 0.295], [71918.1, 0.014], [71918.3, 0.0], [71918.4, 0.0], [71919.4, 1.0], [71922.3, 0.215], [71922.7, 0.0], [71922.9, 0.076], [71923.4, 2.112], [71923.5, 0.006], [71924.1, 0.81], [71925.5, 0.0], [71925.7, 0.002], [71927.0, 0.084], [71927.6, 0.014], [71927.8, 0.372], [71928.6, 0.79], [71930.0, 2.335], [71930.5, 0.176], [71931.3, 1.011], [71931.4, 0.01], [71932.1, 0.144], [71933.3, 2.2], [71933.8, 0.002], [71933.9, 1.507], [71934.8, 0.028], [71935.0, 0.772], [71936.7, 0.0], [71939.6, 1.981], [71944.2, 1.021], [71944.3, 0.002], [71944.6, 0.0], [71944.8, 0.0], [71945.5, 0.0], [71946.0, 0.017], [71947.0, 1.009], [71947.5, 0.0], [71949.3, 0.833], [71951.2, 0.272], [71951.5, 0.14], [71953.7, 0.09], [71958.3, 0.058], [71961.5, 0.137], [71964.3, 0.973], [71969.0, 0.01], [71969.1, 0.002], [71969.2, 0.07], [71970.5, 0.087], [71974.1, 1.25], [71979.8, 0.107], [71979.9, 0.0], [71980.0, 1.223], [71995.5, 0.029], [72011.1, 0.007], [72013.6, 0.155], [72021.4, 2.369], [72021.5, 3.632], [72023.5, 1.6], [72029.2, 0.013], [72035.4, 0.016], [72057.9, 0.003], [72068.7, 1.032], [72104.7, 0.01], [72151.5, 0.011], [72196.3, 0.002], [72198.4, 0.005], [72245.3, 0.005], [72292.2, 0.005], [72339.2, 0.013], [72386.2, 0.003], [72433.2, 0.704], [72480.3, 0.003], [72527.4, 0.003], [72574.5, 0.015], [72621.6, 0.006], [72668.8, 0.003], [72693.2, 5.386], [72700.7, 0.67], [72716.0, 0.01], [72763.3, 0.005], [72810.6, 0.044], [72857.9, 0.005], [72905.2, 0.003], [72952.6, 0.003], [73000.0, 137.613], [73028.3, 0.0], [74000.0, 88.893], [74426.2, 0.053], [74785.7, 0.008]], "bids": [[1000.0, 195.66], [5000.0, 2.341], [33000.0, 16.156], [35954.6, 0.0], [68313.8, 0.224], [70902.6, 3.633], [70988.9, 0.813], [71114.2, 0.003], [71128.0, 0.373], [71132.9, 4.785], [71174.2, 0.003], [71190.3, 1.01], [71220.4, 0.007], [71258.0, 5.548], [71266.7, 0.039], [71313.0, 1.007], [71359.3, 0.003], [71405.7, 0.003], [71452.0, 0.008], [71498.5, 0.006], [71544.9, 0.003], [71549.8, 0.05], [71591.4, 0.003], [71622.5, 0.042], [71637.9, 0.003], [71684.5, 0.003], [71690.4, 0.002], [71693.6, 2.804], [71700.4, 3.0], [71700.6, 1.751], [71700.8, 1.6], [71701.0, 0.602], [71731.0, 0.003], [71777.6, 0.003], [71809.9, 0.042], [71813.0, 0.06], [71821.4, 0.055], [71822.1, 0.635], [71824.3, 0.003], [71834.2, 0.0], [71844.4, 0.006], [71844.6, 1.253], [71846.1, 0.026], [71858.5, 0.142], [71858.8, 0.203], [71862.1, 0.036], [71862.4, 27.017], [71862.5, 0.15], [71863.0, 0.043], [71864.8, 0.032], [71864.9, 0.474], [71867.0, 0.175], [71867.2, 0.325], [71870.1, 0.0], [71870.9, 1.027], [71871.0, 1.999], [71871.1, 0.0], [71871.3, 0.049], [71876.5, 0.852], [71877.3, 2.554], [71877.8, 0.278], [71877.9, 0.063], [71884.6, 1.546], [71884.8, 5.719], [71885.1, 0.052], [71886.3, 0.306], [71886.7, 0.0], [71887.2, 0.023], [71887.3, 0.57], [71888.1, 0.073], [71888.5, 0.092], [71888.7, 0.267], [71889.2, 0.003], [71889.8, 0.136], [71890.1, 0.059], [71890.6, 0.0], [71891.6, 0.01], [71892.8, 0.011], [71893.7, 0.214], [71894.9, 0.058], [71895.0, 1.372], [71896.0, 0.226], [71897.3, 0.356], [71902.1, 2.623], [71902.3, 0.865], [71905.6, 0.111], [71906.0, 0.01], [71907.4, 0.008], [71909.3, 1.864]], "_doc": "2c561849-80ab-4855-8dc3-e96fab806628"}, {"timestamp": "2024-04-08 22:28:34", "receive_time": 1712611714.319, "asks": [[71909.4, 5.592], [71910.4, 0.0], [71915.0, 0.856], [71916.3, 0.07], [71918.3, 0.002], [71918.4, 3.0], [71918.5, 0.0], [71918.6, 0.021], [71918.7, 0.002], [71924.0, 0.739], [71924.1, 0.812], [71925.5, 0.0], [71927.6, 0.488], [71928.8, 0.021], [71929.0, 0.01], [71932.1, 2.144], [71932.2, 0.97], [71932.3, 0.002], [71932.4, 0.028], [71933.9, 1.505], [71938.2, 0.366], [71944.4, 0.003], [71944.8, 1.009], [71949.1, 0.204], [71949.3, 0.486], [71951.1, 0.092], [71951.4, 0.0], [71951.5, 0.14], [71951.6, 25.766], [71953.7, 0.1], [71954.5, 0.032], [71955.2, 0.002], [71961.3, 0.022], [71961.5, 0.042], [71973.0, 0.015], [72001.0, 0.0], [72006.2, 0.01], [72021.4, 2.369], [72021.5, 3.632], [72023.5, 1.6], [72046.5, 0.162], [72050.0, 2.791], [72125.1, 2.787], [72200.0, 18.865], [72209.4, 0.005], [72350.0, 14.563], [72500.0, 104.916], [72650.0, 5.333], [72800.0, 537.768], [73172.9, 0.0], [74000.0, 88.908], [74280.0, 0.313], [74307.7, 0.025], [76583.5, 0.652]], "bids": [[1000.0, 195.66], [5000.0, 2.341], [33000.0, 16.152], [35954.6, 0.0], [64718.4, 0.0], [70244.3, 0.0], [70244.4, 0.054], [70284.1, 10.237], [70988.9, 0.589], [71190.3, 1.01], [71300.0, 31.573], [71450.0, 17.733], [71549.8, 0.05], [71600.0, 4.254], [71609.3, 0.0], [71668.4, 0.0], [71690.4, 0.002], [71693.6, 2.804], [71700.4, 3.0], [71700.6, 1.751], [71700.8, 1.6], [71701.0, 0.602], [71750.0, 3.762], [71809.6, 0.003], [71824.3, 0.0], [71824.4, 0.0], [71824.6, 0.0], [71824.7, 0.038], [71824.8, 0.02], [71834.5, 0.0], [71835.6, 0.042], [71843.1, 0.002], [71847.5, 0.845], [71850.4, 0.04], [71855.2, 0.005], [71855.9, 0.343], [71856.0, 0.048], [71858.6, 1.524], [71862.1, 0.036], [71862.2, 0.002], [71862.3, 0.0], [71862.4, 27.017], [71862.5, 0.15], [71862.6, 0.743], [71862.8, 0.149], [71863.0, 0.876], [71866.2, 0.363], [71870.6, 0.061], [71870.8, 0.028], [71871.0, 2.003], [71871.8, 0.662], [71871.9, 0.028], [71877.6, 1.077], [71884.5, 0.261], [71884.6, 1.072], [71884.8, 5.719], [71885.4, 0.213], [71888.1, 0.881], [71889.2, 0.013], [71889.3, 0.004], [71889.8, 0.144], [71889.9, 2.0], [71890.6, 0.0], [71891.0, 0.832], [71892.5, 0.0], [71892.6, 0.096], [71893.7, 0.212], [71893.8, 2.19], [71894.0, 0.096], [71895.0, 1.374], [71895.1, 0.877], [71897.4, 0.0], [71897.5, 0.0], [71897.6, 0.037], [71897.7, 2.031], [71897.8, 3.0], [71897.9, 0.002], [71898.5, 1.35], [71899.1, 0.99], [71899.7, 0.594], [71900.0, 2.245], [71900.1, 0.002], [71902.1, 2.024], [71902.3, 0.873], [71903.8, 0.07], [71905.7, 0.0], [71909.3, 1.858]], "_doc": "15516ad1-977d-40fb-a78a-1c998a21903b"}, {"timestamp": "2024-04-08 22:28:33", "receive_time": 1712611713.815, "asks": [[71909.4, 5.47], [71910.3, 0.0], [71910.4, 0.04], [71911.8, 0.02], [71913.0, 0.251], [71913.3, 0.3], [71915.0, 0.856], [71915.1, 0.833], [71917.1, 0.167], [71921.5, 0.002], [71922.3, 0.221], [71923.5, 0.002], [71923.9, 0.0], [71924.0, 1.208], [71924.1, 0.004], [71924.9, 0.004], [71925.4, 0.004], [71925.7, 0.0], [71926.2, 0.028], [71927.0, 0.086], [71927.5, 0.014], [71928.6, 0.788], [71929.6, 0.044], [71929.7, 0.743], [71930.5, 0.256], [71931.4, 1.019], [71933.0, 0.0], [71934.8, 0.851], [71936.7, 0.0], [71947.5, 0.0], [71948.0, 0.004], [71949.1, 0.551], [71949.2, 1.147], [71950.3, 0.053], [71951.5, 25.679], [71951.6, 0.0], [71953.2, 1.162], [71953.4, 0.0], [71953.9, 2.014], [71954.7, 0.0], [71957.1, 0.016], [71960.9, 0.121], [71961.0, 0.202], [71961.1, 0.042], [71961.2, 0.0], [71961.3, 0.002], [71961.4, 0.022], [71961.5, 0.062], [71964.2, 0.021], [71964.3, 0.97], [71969.0, 0.01], [71974.1, 1.25], [71975.9, 0.029], [71979.8, 0.107], [72013.6, 0.155], [72021.4, 2.369], [72021.5, 3.632], [72023.5, 1.6], [72125.1, 0.014], [72193.0, 2.0], [72196.3, 0.002], [73239.7, 5.143], [73534.6, 11.41], [74000.0, 88.893], [74127.7, 0.2]], "bids": [[1000.0, 195.66], [5000.0, 2.341], [33000.0, 16.152], [35954.6, 0.0], [65735.9, 0.205], [68313.0, 0.036], [68313.8, 0.222], [70478.2, 2.127], [70722.8, 12.5], [71190.3, 0.0], [71258.0, 5.589], [71549.8, 0.06], [71622.5, 0.042], [71668.4, 0.6], [71668.5, 0.0], [71690.4, 0.0], [71693.6, 0.014], [71700.4, 3.0], [71700.6, 1.751], [71700.8, 1.6], [71701.0, 0.602], [71701.1, 0.004], [71706.6, 0.058], [71776.4, 3.0], [71786.3, 0.0], [71805.8, 0.113], [71809.9, 0.042], [71823.8, 3.002], [71824.3, 0.02], [71824.4, 0.02], [71824.5, 0.003], [71824.6, 0.0], [71830.3, 0.002], [71834.5, 0.0], [71836.9, 0.203], [71842.6, 0.0], [71844.6, 1.253], [71851.8, 0.171], [71855.5, 0.009], [71862.8, 0.496], [71864.6, 0.006], [71864.8, 0.074], [71867.0, 0.3], [71870.1, 1.01], [71870.8, 0.028], [71871.1, 0.0], [71871.8, 0.666], [71877.2, 0.021], [71877.3, 2.897], [71877.8, 0.341], [71884.3, 0.007], [71884.5, 0.735], [71884.8, 5.721], [71888.0, 4.005], [71888.1, 0.412], [71888.5, 0.134], [71889.8, 0.134], [71890.6, 0.02], [71890.9, 0.0], [71891.4, 0.126], [71893.8, 2.079], [71894.1, 0.25], [71894.2, 0.043], [71897.4, 3.0], [71897.5, 0.991], [71897.7, 0.031], [71897.8, 0.0], [71898.3, 0.016], [71899.1, 0.0], [71899.2, 0.016], [71900.1, 0.742], [71901.0, 1.135], [71901.9, 0.006], [71902.1, 1.415], [71905.7, 0.111], [71907.6, 0.0], [71907.9, 0.25], [71909.3, 1.86]], "_doc": "e50b0d03-b605-4572-bec2-1e02e78c9983"}, {"timestamp": "2024-04-08 22:28:33", "receive_time": 1712611713.31, "asks": [[71909.4, 6.204], [71909.7, 0.121], [71910.3, 0.08], [71910.4, 0.0], [71912.2, 0.111], [71915.0, 1.856], [71916.2, 0.0], [71916.3, 0.07], [71916.6, 0.115], [71917.4, 0.758], [71918.6, 1.021], [71918.7, 2.002], [71918.8, 0.182], [71918.9, 0.26], [71919.0, 0.014], [71919.5, 0.111], [71919.6, 0.0], [71921.4, 1.908], [71921.5, 0.006], [71922.7, 0.014], [71923.5, 0.056], [71923.8, 0.0], [71923.9, 0.002], [71924.8, 0.16], [71927.5, 0.0], [71927.6, 0.83], [71928.6, 0.786], [71928.8, 0.021], [71929.7, 0.757], [71931.4, 0.01], [71932.3, 0.002], [71932.4, 2.028], [71932.7, 0.142], [71933.3, 0.2], [71933.5, 0.393], [71933.9, 1.507], [71934.7, 0.007], [71934.9, 0.08], [71939.3, 0.0], [71941.1, 0.005], [71944.2, 0.012], [71944.3, 1.983], [71944.4, 1.012], [71944.5, 0.002], [71949.1, 1.037], [71949.7, 0.0], [71949.9, 0.01], [71951.3, 0.143], [71951.5, 25.721], [71955.1, 0.0], [71958.7, 0.0], [71958.9, 0.0], [71969.0, 0.014], [71969.1, 0.002], [71974.1, 0.0], [71979.8, 0.115], [71979.9, 0.0], [71982.7, 5.047], [72020.8, 0.071], [72021.4, 2.369], [72021.5, 3.632], [72023.3, 0.244], [72023.5, 1.6], [72209.4, 0.005], [72289.6, 0.028], [72292.1, 0.0], [72592.5, 7.784], [72598.8, 0.691], [72706.9, 0.0], [72750.7, 1.923], [74000.0, 88.908]], "bids": [[1000.0, 195.66], [5000.0, 2.341], [33000.0, 16.156], [35954.6, 0.0], [64718.4, 0.0], [68313.8, 0.224], [70284.1, 9.385], [70852.2, 4.202], [70940.6, 5.545], [70944.1, 0.224], [70988.9, 0.365], [71068.0, 4.475], [71190.3, 0.0], [71226.2, 7.92], [71233.6, 6.232], [71549.8, 0.06], [71609.3, 0.0], [71690.4, 0.002], [71693.6, 2.804], [71700.4, 3.0], [71700.6, 1.751], [71700.8, 1.6], [71701.0, 0.602], [71761.7, 0.027], [71764.2, 0.0], [71805.6, 0.002], [71824.5, 0.023], [71824.6, 0.02], [71824.7, 0.018], [71824.8, 0.0], [71834.5, 0.0], [71836.0, 1.114], [71836.9, 0.0], [71837.2, 0.395], [71841.0, 0.19], [71842.6, 0.125], [71842.8, 0.047], [71844.6, 0.0], [71851.6, 0.173], [71852.2, 0.919], [71855.5, 0.123], [71855.7, 0.543], [71856.0, 0.048], [71858.5, 0.142], [71858.6, 28.813], [71861.0, 0.069], [71862.6, 1.343], [71866.2, 0.963], [71867.9, 1.058], [71869.1, 0.0], [71869.7, 0.264], [71870.4, 1.41], [71870.6, 0.061], [71871.1, 0.004], [71871.8, 0.662], [71877.2, 0.501], [71884.3, 0.481], [71884.4, 0.419], [71884.8, 5.719], [71885.4, 1.223], [71886.3, 0.306], [71887.9, 0.012], [71889.2, 2.303], [71889.3, 0.004], [71889.4, 0.005], [71889.5, 0.011], [71889.8, 0.144], [71889.9, 0.0], [71890.6, 0.01], [71891.9, 0.044], [71892.4, 0.084], [71894.2, 0.043], [71894.3, 0.785], [71895.2, 2.123], [71897.0, 0.013], [71897.4, 0.0], [71897.5, 0.0], [71897.6, 0.037], [71897.7, 3.031], [71897.8, 0.002], [71897.9, 0.0], [71898.5, 0.75], [71899.1, 0.456], [71899.6, 0.254], [71899.7, 0.594], [71900.0, 2.245], [71900.1, 0.74], [71900.2, 0.002], [71902.1, 1.413], [71902.6, 0.012], [71903.7, 0.0], [71903.8, 0.07], [71905.1, 0.0], [71909.3, 1.719]], "_doc": "20871f1e-5fd6-4895-8dd2-94899bad5a2b"}, {"timestamp": "2024-04-08 22:28:32", "receive_time": 1712611712.805, "asks": [[71907.4, 0.0], [71909.4, 6.256], [71909.6, 0.0], [71909.7, 0.111], [71910.0, 0.308], [71910.3, 0.0], [71911.1, 0.0], [71911.3, 0.0], [71913.0, 0.171], [71913.3, 0.217], [71915.0, 0.856], [71915.1, 0.916], [71916.0, 0.218], [71916.9, 0.237], [71917.5, 0.574], [71918.8, 1.182], [71919.4, 0.0], [71919.5, 0.113], [71924.0, 0.739], [71924.3, 0.03], [71924.7, 0.279], [71924.9, 0.006], [71925.7, 0.002], [71925.8, 0.002], [71926.2, 0.03], [71926.6, 0.0], [71927.0, 0.084], [71927.9, 0.025], [71928.0, 0.174], [71928.7, 0.002], [71929.5, 0.22], [71930.1, 0.072], [71930.4, 0.055], [71931.3, 0.002], [71931.4, 0.012], [71931.5, 0.459], [71932.2, 0.97], [71932.3, 0.002], [71932.6, 0.01], [71932.8, 0.446], [71933.0, 1.009], [71933.3, 2.2], [71933.9, 1.505], [71934.5, 1.855], [71936.0, 1.893], [71936.4, 1.058], [71938.7, 0.095], [71938.9, 0.105], [71939.1, 0.004], [71939.4, 1.104], [71944.2, 1.993], [71944.5, 1.011], [71946.0, 1.026], [71946.5, 0.01], [71946.7, 0.0], [71947.0, 0.0], [71947.1, 0.04], [71947.7, 0.0], [71948.0, 1.151], [71948.6, 0.187], [71949.1, 0.69], [71949.8, 1.01], [71950.3, 0.053], [71951.0, 0.01], [71951.3, 25.52], [71952.2, 0.0], [71953.0, 0.053], [71953.7, 0.09], [71954.5, 0.042], [71954.9, 0.0], [71956.6, 0.015], [71958.0, 0.183], [71958.3, 0.153], [71958.6, 0.002], [71961.4, 0.002], [71961.8, 0.002], [71962.5, 0.039], [71964.2, 0.041], [71964.4, 0.005], [71964.6, 0.008], [71965.2, 0.022], [71969.0, 0.014], [71969.3, 3.2], [71969.7, 0.032], [71974.1, 0.0], [71977.3, 2.792], [71979.8, 0.115], [71980.5, 0.005], [71982.2, 0.015], [71982.7, 3.477], [71992.5, 0.767], [72006.0, 0.003], [72016.8, 3.0], [72021.4, 2.369], [72021.5, 3.632], [72023.5, 1.6], [72026.4, 3.602], [72031.3, 0.0], [72038.8, 0.0], [72056.2, 0.085], [72082.1, 0.17], [72699.5, 1.427], [73994.7, 0.054], [74000.0, 88.893], [74570.0, 0.101]], "bids": [[1000.0, 195.66], [5000.0, 2.341], [33000.0, 16.152], [35954.6, 0.0], [65735.9, 0.005], [70708.4, 1.13], [70737.8, 0.0], [70765.8, 0.706], [70809.1, 0.003], [70830.7, 0.038], [70832.0, 0.02], [71024.5, 0.0], [71024.8, 1.562], [71026.2, 0.506], [71125.5, 9.307], [71126.9, 4.534], [71190.3, 0.0], [71190.9, 0.354], [71226.2, 7.36], [71227.5, 5.28], [71549.8, 0.06], [71624.6, 0.043], [71635.7, 4.569], [71690.4, 0.002], [71693.6, 2.804], [71700.4, 3.0], [71700.6, 1.751], [71700.8, 1.6], [71701.0, 0.602], [71732.2, 0.012], [71784.4, 3.574], [71789.2, 0.073], [71814.0, 0.025], [71814.1, 0.14], [71817.8, 5.361], [71817.9, 0.204], [71818.1, 0.027], [71819.8, 0.326], [71824.7, 0.038], [71824.8, 0.02], [71826.0, 1.046], [71827.1, 0.023], [71827.5, 0.002], [71827.6, 0.028], [71827.7, 0.028], [71831.3, 0.0], [71832.2, 0.0], [71833.5, 6.44], [71833.6, 0.096], [71834.5, 0.0], [71836.0, 2.684], [71838.3, 0.076], [71839.4, 0.0], [71840.1, 0.419], [71841.5, 0.0], [71844.6, 0.0], [71846.5, 0.011], [71847.8, 0.98], [71850.4, 0.071], [71850.5, 0.026], [71851.2, 0.042], [71852.4, 0.0], [71853.1, 0.01], [71853.2, 0.329], [71853.9, 0.21], [71854.4, 0.011], [71854.9, 0.003], [71855.8, 0.167], [71857.3, 0.015], [71858.1, 0.0], [71858.4, 0.01], [71858.5, 27.431], [71858.8, 0.203], [71859.7, 0.0], [71860.0, 0.22], [71860.1, 0.0], [71860.5, 4.218], [71861.1, 0.567], [71861.2, 0.213], [71861.6, 0.079], [71862.1, 0.04], [71862.2, 0.002], [71862.3, 0.0], [71862.6, 1.943], [71862.8, 0.982], [71864.0, 1.003], [71864.6, 0.004], [71865.1, 0.0], [71865.4, 0.154], [71866.2, 1.563], [71866.4, 0.018], [71866.5, 0.025], [71866.7, 0.834], [71866.8, 0.0], [71867.9, 0.048], [71868.3, 0.002], [71868.5, 0.979], [71868.9, 0.0], [71869.1, 1.01], [71869.2, 0.037], [71869.5, 0.0], [71869.6, 0.0], [71869.7, 1.464], [71870.1, 0.0], [71870.3, 0.209], [71870.5, 0.031], [71870.6, 0.065], [71870.8, 1.038], [71870.9, 0.014], [71871.6, 0.15], [71874.5, 1.983], [71875.0, 0.404], [71875.8, 0.023], [71875.9, 0.177], [71876.0, 0.049], [71876.5, 0.949], [71876.7, 0.085], [71876.8, 0.003], [71877.2, 0.844], [71877.5, 0.577], [71877.6, 0.822], [71877.7, 0.04], [71878.9, 0.068], [71879.6, 0.069], [71881.2, 0.782], [71881.7, 0.074], [71881.9, 0.099], [71882.5, 0.096], [71883.7, 0.325], [71883.9, 0.073], [71884.4, 0.761], [71884.7, 0.01], [71884.8, 5.719], [71885.4, 0.213], [71886.3, 1.316], [71886.5, 0.8], [71886.8, 0.03], [71887.3, 0.584], [71887.6, 0.0], [71887.9, 0.481], [71888.0, 4.344], [71888.1, 0.073], [71888.2, 0.082], [71888.4, 0.187], [71888.7, 0.225], [71888.9, 1.063], [71889.1, 1.691], [71889.2, 2.303], [71889.6, 0.221], [71889.8, 0.134], [71890.2, 0.0], [71890.4, 0.232], [71890.6, 0.01], [71890.7, 0.005], [71891.0, 0.834], [71891.2, 0.002], [71891.3, 0.209], [71891.4, 0.237], [71891.6, 0.012], [71891.8, 0.021], [71891.9, 0.191], [71892.2, 1.863], [71892.4, 0.084], [71892.5, 0.002], [71892.6, 0.094], [71892.8, 0.013], [71893.2, 0.009], [71893.7, 0.214], [71893.8, 2.19], [71893.9, 0.021], [71894.2, 0.043], [71894.3, 0.841], [71894.5, 0.004], [71894.6, 0.214], [71894.9, 0.056], [71895.0, 1.074], [71895.4, 0.098], [71895.6, 0.149], [71895.8, 0.0], [71896.0, 0.224], [71896.2, 0.035], [71896.3, 1.112], [71896.5, 0.146], [71897.1, 0.0], [71897.4, 0.0], [71897.8, 3.0], [71897.9, 0.002], [71898.0, 0.017], [71898.3, 0.016], [71899.0, 1.337], [71899.1, 1.038], [71899.2, 0.016], [71899.3, 0.016], [71900.1, 0.74], [71900.2, 0.012], [71900.6, 0.0], [71900.8, 0.0], [71900.9, 0.111], [71902.0, 0.002], [71902.1, 0.811], [71902.3, 0.008], [71902.7, 0.121], [71903.2, 0.296], [71903.4, 0.0], [71905.8, 0.484], [71906.0, 0.002], [71907.6, 0.105], [71907.9, 0.0], [71909.3, 1.725]], "_doc": "90d52a50-7674-4b3e-aa69-916d6070cf0f"}