[{"trades": [{"side": "buy", "price": 71904.3, "quantity": 0.002, "timestamp": "2024-04-08 22:28:46"}], "liquidations": [], "receive_time": 1712611726.213, "_doc": "339fb151-9817-4bc3-aff2-50e846dae401"}, {"trades": [{"side": "buy", "price": 71904.3, "quantity": 0.002, "timestamp": "2024-04-08 22:28:46"}], "liquidations": [], "receive_time": 1712611726.062, "_doc": "e3693c1a-07bc-46d9-9f93-e6d978aba45a"}, {"trades": [{"side": "buy", "price": 71904.3, "quantity": 0.031, "timestamp": "2024-04-08 22:28:45"}], "liquidations": [], "receive_time": 1712611725.859, "_doc": "18c40f2e-8006-40e8-b373-e1bce9fa6fff"}, {"trades": [{"side": "buy", "price": 71904.3, "quantity": 0.002, "timestamp": "2024-04-08 22:28:45"}], "liquidations": [], "receive_time": 1712611725.384, "_doc": "e2f1dc7e-7ed0-40db-8a7d-c4f8010a374c"}, {"trades": [{"side": "sell", "price": 71904.4, "quantity": 0.012, "timestamp": "2024-04-08 22:28:44"}], "liquidations": [], "receive_time": 1712611724.776, "_doc": "7d450e83-a488-4ac4-b368-fb6d2027654c"}, {"trades": [{"side": "buy", "price": 71904.3, "quantity": 0.003, "timestamp": "2024-04-08 22:28:44"}], "liquidations": [], "receive_time": 1712611724.157, "_doc": "9a13baa8-1fda-4992-8373-8d83ba517622"}, {"trades": [{"side": "buy", "price": 71904.4, "quantity": 0.002, "timestamp": "2024-04-08 22:28:44"}], "liquidations": [], "receive_time": 1712611724.006, "_doc": "d6de5ef9-bb83-473d-8193-70ae8139145f"}, {"trades": [{"side": "buy", "price": 71905.0, "quantity": 0.002, "timestamp": "2024-04-08 22:28:43"}], "liquidations": [], "receive_time": 1712611723.959, "_doc": "760e947f-05a5-444b-b47b-251a069796f2"}, {"trades": [{"side": "buy", "price": 71905.2, "quantity": 0.019, "timestamp": "2024-04-08 22:28:43"}], "liquidations": [], "receive_time": 1712611723.959, "_doc": "7f22e33b-7cda-48ab-a784-51b6749a25cf"}, {"trades": [{"side": "buy", "price": 71905.4, "quantity": 0.01, "timestamp": "2024-04-08 22:28:43"}], "liquidations": [], "receive_time": 1712611723.959, "_doc": "9b1a297a-9a1c-4586-a0c1-4eb59c01c07c"}, {"trades": [{"side": "buy", "price": 71905.5, "quantity": 0.062, "timestamp": "2024-04-08 22:28:43"}], "liquidations": [], "receive_time": 1712611723.959, "_doc": "9009501d-646c-4600-b21d-f61d57bdb4fc"}, {"trades": [{"side": "sell", "price": 71905.6, "quantity": 0.345, "timestamp": "2024-04-08 22:28:43"}], "liquidations": [], "receive_time": 1712611723.903, "_doc": "e662a372-12a6-4cb8-874a-a7f027e301a4"}, {"trades": [{"side": "sell", "price": 71905.6, "quantity": 0.016, "timestamp": "2024-04-08 22:28:43"}], "liquidations": [], "receive_time": 1712611723.724, "_doc": "9ac0d746-199b-4f63-937e-5a0de7760dae"}, {"trades": [{"side": "buy", "price": 71905.5, "quantity": 0.008, "timestamp": "2024-04-08 22:28:43"}], "liquidations": [], "receive_time": 1712611723.573, "_doc": "8e6d2127-eaf6-4380-992f-220301f3113a"}, {"trades": [{"side": "buy", "price": 71905.5, "quantity": 0.042, "timestamp": "2024-04-08 22:28:43"}], "liquidations": [], "receive_time": 1712611723.434, "_doc": "a3893b3e-eaf7-42b4-a3c2-3b3ba8dc05ab"}, {"trades": [{"side": "buy", "price": 71905.5, "quantity": 0.003, "timestamp": "2024-04-08 22:28:43"}], "liquidations": [], "receive_time": 1712611723.168, "_doc": "04641b90-e95a-4f84-927c-69b4c1f900f7"}, {"trades": [{"side": "buy", "price": 71905.5, "quantity": 0.004, "timestamp": "2024-04-08 22:28:43"}], "liquidations": [], "receive_time": 1712611723.017, "_doc": "5c5761b5-f6cf-42ff-b87f-100005dc9ca3"}, {"trades": [{"side": "buy", "price": 71905.5, "quantity": 0.002, "timestamp": "2024-04-08 22:28:42"}], "liquidations": [], "receive_time": 1712611722.788, "_doc": "306fe706-56cf-4db5-bdf0-536b141c0300"}, {"trades": [{"side": "sell", "price": 71905.6, "quantity": 0.002, "timestamp": "2024-04-08 22:28:42"}], "liquidations": [], "receive_time": 1712611722.637, "_doc": "529901b0-fe5d-441d-b96d-11a2e25e1e4a"}, {"trades": [{"side": "buy", "price": 71905.5, "quantity": 0.016, "timestamp": "2024-04-08 22:28:42"}], "liquidations": [], "receive_time": 1712611722.18, "_doc": "122c27fa-a574-4039-bb1d-ef5bedec36a8"}, {"trades": [{"side": "buy", "price": 71884.0, "quantity": 0.004, "timestamp": "2024-04-08 22:28:42"}], "liquidations": [], "receive_time": 1712611722.177, "_doc": "4596aa30-0281-4397-974f-2d472429d5fb"}, {"trades": [{"side": "buy", "price": 71905.5, "quantity": 0.002, "timestamp": "2024-04-08 22:28:41"}], "liquidations": [], "receive_time": 1712611721.627, "_doc": "b2525d1c-df13-483e-b68f-a6c8357823b2"}, {"trades": [{"side": "buy", "price": 71905.5, "quantity": 0.051, "timestamp": "2024-04-08 22:28:41"}], "liquidations": [], "receive_time": 1712611721.467, "_doc": "4e444ebf-62ed-46b6-9a47-bbe2f308ce64"}, {"trades": [{"side": "buy", "price": 71905.5, "quantity": 0.025, "timestamp": "2024-04-08 22:28:41"}], "liquidations": [], "receive_time": 1712611721.184, "_doc": "3337f498-a296-4fe6-95bc-8d70effac38f"}, {"trades": [{"side": "buy", "price": 71905.5, "quantity": 0.007, "timestamp": "2024-04-08 22:28:40"}], "liquidations": [], "receive_time": 1712611720.522, "_doc": "c0de838a-323e-4494-9bf2-5c8e91da422e"}, {"trades": [{"side": "sell", "price": 71905.6, "quantity": 0.013, "timestamp": "2024-04-08 22:28:40"}], "liquidations": [], "receive_time": 1712611720.371, "_doc": "79a34a76-ccd2-4ec7-9418-966cd72785b2"}, {"trades": [{"side": "buy", "price": 71905.5, "quantity": 0.002, "timestamp": "2024-04-08 22:28:40"}], "liquidations": [], "receive_time": 1712611720.238, "_doc": "796b97b5-f388-442c-8764-6a699c11dd1d"}, {"trades": [{"side": "buy", "price": 71905.5, "quantity": 0.003, "timestamp": "2024-04-08 22:28:40"}], "liquidations": [], "receive_time": 1712611720.129, "_doc": "c1fc148c-a411-473c-a644-79529b8ce216"}, {"trades": [{"side": "sell", "price": 71905.6, "quantity": 0.013, "timestamp": "2024-04-08 22:28:40"}], "liquidations": [], "receive_time": 1712611720.028, "_doc": "628ec466-530f-42b0-9311-9d4398ca9456"}, {"trades": [{"side": "sell", "price": 71905.6, "quantity": 0.004, "timestamp": "2024-04-08 22:28:39"}], "liquidations": [], "receive_time": 1712611719.97, "_doc": "a2bb3c37-66a6-47a7-80ac-eb48f3984374"}, {"trades": [{"side": "sell", "price": 71905.6, "quantity": 0.002, "timestamp": "2024-04-08 22:28:39"}], "liquidations": [], "receive_time": 1712611719.174, "_doc": "03454925-e56e-413d-a862-7252661f7a23"}, {"trades": [{"side": "buy", "price": 71905.5, "quantity": 0.063, "timestamp": "2024-04-08 22:28:39"}], "liquidations": [], "receive_time": 1712611719.001, "_doc": "e56d57a2-e1ff-4bad-87ba-21bd4c06546c"}, {"trades": [{"side": "buy", "price": 71905.5, "quantity": 0.003, "timestamp": "2024-04-08 22:28:38"}], "liquidations": [], "receive_time": 1712611718.202, "_doc": "fd7bf182-915e-48d0-b6f4-de021358d4d4"}, {"trades": [{"side": "sell", "price": 71905.6, "quantity": 0.026, "timestamp": "2024-04-08 22:28:37"}], "liquidations": [], "receive_time": 1712611717.582, "_doc": "9ece8673-a27e-4fdb-b75b-f2976405f193"}, {"trades": [{"side": "sell", "price": 71905.6, "quantity": 0.003, "timestamp": "2024-04-08 22:28:37"}], "liquidations": [], "receive_time": 1712611717.417, "_doc": "c2eb04ce-5064-4c0b-899e-27d169d6462d"}, {"trades": [{"side": "sell", "price": 71905.6, "quantity": 1.397, "timestamp": "2024-04-08 22:28:37"}], "liquidations": [], "receive_time": 1712611717.266, "_doc": "3677a92a-22dc-4d84-9b21-49d712eee1b6"}, {"trades": [{"side": "buy", "price": 71905.7, "quantity": 0.012, "timestamp": "2024-04-08 22:28:37"}], "liquidations": [], "receive_time": 1712611717.13, "_doc": "f6a4d21d-d85a-4cb1-b7c4-5a72b2c9d45b"}, {"trades": [{"side": "buy", "price": 71905.8, "quantity": 0.021, "timestamp": "2024-04-08 22:28:37"}], "liquidations": [], "receive_time": 1712611717.063, "_doc": "ee0093c6-93a8-45a4-ab9e-7b4aad6fdfc0"}, {"trades": [{"side": "buy", "price": 71905.8, "quantity": 0.126, "timestamp": "2024-04-08 22:28:37"}], "liquidations": [], "receive_time": 1712611717.063, "_doc": "ccad969d-dedd-4681-b09f-2429b3adc3c7"}, {"trades": [{"side": "buy", "price": 71905.8, "quantity": 0.01, "timestamp": "2024-04-08 22:28:36"}], "liquidations": [], "receive_time": 1712611716.904, "_doc": "9b25ded4-9838-42e4-a391-5562330096de"}, {"trades": [{"side": "sell", "price": 71905.9, "quantity": 0.004, "timestamp": "2024-04-08 22:28:36"}], "liquidations": [], "receive_time": 1712611716.175, "_doc": "7887b0a3-48f7-4826-9197-43334b815fb8"}, {"trades": [{"side": "buy", "price": 71885.9, "quantity": 0.006, "timestamp": "2024-04-08 22:28:36"}], "liquidations": [], "receive_time": 1712611716.133, "_doc": "e19cfec0-fde3-4bb0-b6af-bc5865946e3c"}, {"trades": [{"side": "buy", "price": 71905.8, "quantity": 0.17, "timestamp": "2024-04-08 22:28:36"}], "liquidations": [], "receive_time": 1712611716.024, "_doc": "18bd8cde-cbc8-4106-b9b4-dccfe7dc14b4"}, {"trades": [{"side": "buy", "price": 71886.3, "quantity": 0.002, "timestamp": "2024-04-08 22:28:35"}], "liquidations": [], "receive_time": 1712611715.982, "_doc": "aff88e14-054f-480d-91cc-d9a573c157aa"}, {"trades": [{"side": "buy", "price": 71905.9, "quantity": 0.002, "timestamp": "2024-04-08 22:28:35"}], "liquidations": [], "receive_time": 1712611715.955, "_doc": "c8887b6a-fdfc-4d55-a764-0995349dc450"}, {"trades": [{"side": "buy", "price": 71906.0, "quantity": 0.01, "timestamp": "2024-04-08 22:28:35"}], "liquidations": [], "receive_time": 1712611715.955, "_doc": "76ba3edf-21de-40ee-8280-ad16f8014e79"}, {"trades": [{"side": "buy", "price": 71906.1, "quantity": 0.023, "timestamp": "2024-04-08 22:28:35"}], "liquidations": [], "receive_time": 1712611715.955, "_doc": "cab04299-b297-4174-8e5e-06745bce3971"}, {"trades": [{"side": "buy", "price": 71906.4, "quantity": 0.002, "timestamp": "2024-04-08 22:28:35"}], "liquidations": [], "receive_time": 1712611715.955, "_doc": "37fba8a3-24db-4f39-9745-13e8ac12e55c"}, {"trades": [{"side": "buy", "price": 71906.5, "quantity": 0.026, "timestamp": "2024-04-08 22:28:35"}], "liquidations": [], "receive_time": 1712611715.955, "_doc": "84863c05-002b-4cc8-82af-ac42e0440c28"}, {"trades": [{"side": "buy", "price": 71906.7, "quantity": 0.021, "timestamp": "2024-04-08 22:28:35"}], "liquidations": [], "receive_time": 1712611715.955, "_doc": "00a498d3-9383-4b48-8501-1e75e68bfa82"}, {"trades": [{"side": "buy", "price": 71906.8, "quantity": 0.023, "timestamp": "2024-04-08 22:28:35"}], "liquidations": [], "receive_time": 1712611715.955, "_doc": "9e9ad339-afd0-4e30-8e92-8f9f6da64871"}, {"trades": [{"side": "buy", "price": 71907.3, "quantity": 0.002, "timestamp": "2024-04-08 22:28:35"}], "liquidations": [], "receive_time": 1712611715.955, "_doc": "18c84e6f-e7bb-420a-916c-360b68e47dae"}, {"trades": [{"side": "buy", "price": 71907.4, "quantity": 0.008, "timestamp": "2024-04-08 22:28:35"}], "liquidations": [], "receive_time": 1712611715.955, "_doc": "06b562f9-d3a4-40db-b52b-cda082266573"}, {"trades": [{"side": "buy", "price": 71907.5, "quantity": 0.347, "timestamp": "2024-04-08 22:28:35"}], "liquidations": [], "receive_time": 1712611715.955, "_doc": "0b1592ac-0500-4447-86d3-897e1c1ecf9a"}, {"trades": [{"side": "buy", "price": 71907.7, "quantity": 0.099, "timestamp": "2024-04-08 22:28:35"}], "liquidations": [], "receive_time": 1712611715.955, "_doc": "91bb661f-f314-4b48-b98f-1bf919f27a3f"}, {"trades": [{"side": "buy", "price": 71907.8, "quantity": 0.239, "timestamp": "2024-04-08 22:28:35"}], "liquidations": [], "receive_time": 1712611715.955, "_doc": "8779e652-80a4-4f3a-abea-44b40efbbdef"}, {"trades": [{"side": "buy", "price": 71907.9, "quantity": 0.25, "timestamp": "2024-04-08 22:28:35"}], "liquidations": [], "receive_time": 1712611715.955, "_doc": "7d1783a6-dc8b-42eb-82d8-27c346b55a32"}, {"trades": [{"side": "buy", "price": 71908.0, "quantity": 0.004, "timestamp": "2024-04-08 22:28:35"}], "liquidations": [], "receive_time": 1712611715.955, "_doc": "46d151d3-9fcd-46dd-a4cc-782de293b5d3"}, {"trades": [{"side": "buy", "price": 71908.2, "quantity": 0.002, "timestamp": "2024-04-08 22:28:35"}], "liquidations": [], "receive_time": 1712611715.955, "_doc": "05712089-ea56-4f99-979d-dda5a6cd1c17"}, {"trades": [{"side": "buy", "price": 71908.9, "quantity": 0.05, "timestamp": "2024-04-08 22:28:35"}], "liquidations": [], "receive_time": 1712611715.955, "_doc": "289f5710-d4e2-4b00-958e-ac498ff08e85"}, {"trades": [{"side": "buy", "price": 71909.2, "quantity": 0.034, "timestamp": "2024-04-08 22:28:35"}], "liquidations": [], "receive_time": 1712611715.955, "_doc": "3a85defc-f6ea-4432-af4c-7c6b3bbd3a85"}, {"trades": [{"side": "buy", "price": 71909.3, "quantity": 1.576, "timestamp": "2024-04-08 22:28:35"}], "liquidations": [], "receive_time": 1712611715.955, "_doc": "20fe555d-2b15-4c4e-a3ab-ee4e897b5eda"}, {"trades": [{"side": "buy", "price": 71909.3, "quantity": 0.06, "timestamp": "2024-04-08 22:28:35"}], "liquidations": [], "receive_time": 1712611715.955, "_doc": "29914284-bb70-44f5-91dd-c57e7fc7eee1"}, {"trades": [{"side": "sell", "price": 71909.4, "quantity": 0.002, "timestamp": "2024-04-08 22:28:35"}], "liquidations": [], "receive_time": 1712611715.843, "_doc": "3be839df-a7b3-4927-8eb8-acea8f05c0c9"}, {"trades": [{"side": "buy", "price": 71909.3, "quantity": 0.003, "timestamp": "2024-04-08 22:28:35"}], "liquidations": [], "receive_time": 1712611715.363, "_doc": "086d1933-ece9-41c9-8161-b54fa9be2689"}, {"trades": [{"side": "buy", "price": 71909.3, "quantity": 0.073, "timestamp": "2024-04-08 22:28:35"}], "liquidations": [], "receive_time": 1712611715.13, "_doc": "6f200e0c-3822-46f8-b0dd-5dd977860859"}, {"trades": [{"side": "sell", "price": 71909.4, "quantity": 0.022, "timestamp": "2024-04-08 22:28:34"}], "liquidations": [], "receive_time": 1712611714.76, "_doc": "c5e8c6a1-734f-4a16-8575-81a7bcaf80db"}, {"trades": [{"side": "buy", "price": 71909.3, "quantity": 0.002, "timestamp": "2024-04-08 22:28:34"}], "liquidations": [], "receive_time": 1712611714.149, "_doc": "ba2a85e9-c16e-4fc6-a308-f8490a37ed13"}, {"trades": [{"side": "buy", "price": 71909.3, "quantity": 0.031, "timestamp": "2024-04-08 22:28:33"}], "liquidations": [], "receive_time": 1712611713.619, "_doc": "6c013f65-d2fe-4423-960e-4fb6608a97d1"}, {"trades": [{"side": "sell", "price": 71909.4, "quantity": 0.07, "timestamp": "2024-04-08 22:28:33"}], "liquidations": [], "receive_time": 1712611713.468, "_doc": "82254f66-3910-4dc8-be33-d96c5ccf70c8"}, {"trades": [{"side": "buy", "price": 71909.3, "quantity": 0.115, "timestamp": "2024-04-08 22:28:32"}], "liquidations": [], "receive_time": 1712611712.808, "_doc": "7fa79d26-1e6a-4a43-bf51-55157c4e06cd"}, {"trades": [{"side": "buy", "price": 71909.3, "quantity": 0.008, "timestamp": "2024-04-08 22:28:32"}], "liquidations": [], "receive_time": 1712611712.657, "_doc": "18cc0aa2-97b7-4022-acd5-edb9445b49b5"}, {"trades": [{"side": "sell", "price": 71909.4, "quantity": 0.054, "timestamp": "2024-04-08 22:28:32"}], "liquidations": [], "receive_time": 1712611712.525, "_doc": "c4c2e920-28b8-47c3-878d-1c610d94e9c7"}, {"trades": [{"side": "buy", "price": 71909.3, "quantity": 0.606, "timestamp": "2024-04-08 22:28:31"}], "liquidations": [], "receive_time": 1712611711.637, "_doc": "28c1d6ce-1ef2-485a-8bab-bcf76f75d95c"}, {"trades": [{"side": "buy", "price": 71909.3, "quantity": 0.067, "timestamp": "2024-04-08 22:28:31"}], "liquidations": [], "receive_time": 1712611711.486, "_doc": "f681ee1c-2746-45e1-9122-d6db1b92123d"}, {"trades": [{"side": "sell", "price": 71909.4, "quantity": 0.002, "timestamp": "2024-04-08 22:28:31"}], "liquidations": [], "receive_time": 1712611711.144, "_doc": "a33053ac-dbf1-425d-9ce2-2d2c0b9a9a6f"}, {"trades": [{"side": "buy", "price": 71909.3, "quantity": 0.007, "timestamp": "2024-04-08 22:28:30"}], "liquidations": [], "receive_time": 1712611710.639, "_doc": "a930d6ea-5a4f-4f6c-b2cf-053c63d42d3c"}, {"trades": [{"side": "sell", "price": 71909.4, "quantity": 0.002, "timestamp": "2024-04-08 22:28:30"}], "liquidations": [], "receive_time": 1712611710.222, "_doc": "b3010bc6-33e1-4983-b020-60f02dc2c63c"}, {"trades": [{"side": "buy", "price": 71909.3, "quantity": 0.007, "timestamp": "2024-04-08 22:28:29"}], "liquidations": [], "receive_time": 1712611709.563, "_doc": "ded244ae-5e9f-4e30-8090-4aef7a3ad35f"}, {"trades": [{"side": "buy", "price": 71909.3, "quantity": 0.011, "timestamp": "2024-04-08 22:28:28"}], "liquidations": [], "receive_time": 1712611708.678, "_doc": "bbc5ca1b-f551-4b1e-aa43-bb11173c7426"}, {"trades": [{"side": "sell", "price": 71909.4, "quantity": 0.033, "timestamp": "2024-04-08 22:28:27"}], "liquidations": [], "receive_time": 1712611707.912, "_doc": "db4d6801-8656-4db9-a6e5-e0b886b8fb8f"}, {"trades": [{"side": "buy", "price": 71909.3, "quantity": 0.008, "timestamp": "2024-04-08 22:28:27"}], "liquidations": [], "receive_time": 1712611707.368, "_doc": "4c45e2e2-1626-4c20-9085-1d833a266d85"}, {"trades": [{"side": "sell", "price": 71909.4, "quantity": 0.016, "timestamp": "2024-04-08 22:28:27"}], "liquidations": [], "receive_time": 1712611707.217, "_doc": "e0007812-87ae-4655-b222-4028e41df8e3"}, {"trades": [{"side": "buy", "price": 71909.3, "quantity": 0.002, "timestamp": "2024-04-08 22:28:26"}], "liquidations": [], "receive_time": 1712611706.525, "_doc": "622b2d2c-0e7a-4b88-953c-5396db82451c"}, {"trades": [{"side": "buy", "price": 71909.3, "quantity": 0.125, "timestamp": "2024-04-08 22:28:26"}], "liquidations": [], "receive_time": 1712611706.221, "_doc": "03f61107-2588-41ee-9109-2b50c2b5b67f"}, {"trades": [{"side": "buy", "price": 71909.3, "quantity": 0.01, "timestamp": "2024-04-08 22:28:25"}], "liquidations": [], "receive_time": 1712611705.94, "_doc": "89404577-d59e-4376-85db-e3859108ed39"}, {"trades": [{"side": "buy", "price": 71909.3, "quantity": 0.072, "timestamp": "2024-04-08 22:28:24"}], "liquidations": [], "receive_time": 1712611704.54, "_doc": "526559ec-9b61-4042-a73f-8fda169ab3ca"}, {"trades": [{"side": "sell", "price": 71909.4, "quantity": 0.002, "timestamp": "2024-04-08 22:28:23"}], "liquidations": [], "receive_time": 1712611703.66, "_doc": "635bae27-8fc9-4b65-b400-414328cc939c"}, {"trades": [{"side": "buy", "price": 71909.3, "quantity": 0.004, "timestamp": "2024-04-08 22:28:23"}], "liquidations": [], "receive_time": 1712611703.509, "_doc": "9267199b-fb51-4d98-abdc-055327aa80c7"}, {"trades": [{"side": "buy", "price": 71909.3, "quantity": 0.003, "timestamp": "2024-04-08 22:28:22"}], "liquidations": [], "receive_time": 1712611702.434, "_doc": "f9eb488a-fb20-4354-bbee-d6b87229fbb6"}, {"trades": [{"side": "buy", "price": 71886.3, "quantity": 0.002, "timestamp": "2024-04-08 22:28:22"}], "liquidations": [], "receive_time": 1712611702.17, "_doc": "f7950b5e-9616-41ee-b22a-75bac0394f38"}, {"trades": [{"side": "sell", "price": 71909.4, "quantity": 0.069, "timestamp": "2024-04-08 22:28:21"}], "liquidations": [], "receive_time": 1712611701.044, "_doc": "5ad98b2a-686a-44b5-a3bb-721594877ad0"}, {"trades": [{"side": "sell", "price": 71909.4, "quantity": 0.003, "timestamp": "2024-04-08 22:28:20"}], "liquidations": [], "receive_time": 1712611700.802, "_doc": "9a4feb3d-aca1-43ce-8430-1e99ad8c0106"}, {"trades": [{"side": "sell", "price": 71886.4, "quantity": 0.059, "timestamp": "2024-04-08 22:28:20"}], "liquidations": [], "receive_time": 1712611700.162, "_doc": "cf736562-769f-4d38-b4dc-85d289c26557"}, {"trades": [{"side": "buy", "price": 71909.3, "quantity": 0.002, "timestamp": "2024-04-08 22:28:19"}], "liquidations": [], "receive_time": 1712611699.665, "_doc": "f3300a7d-1687-4ba1-a674-23514fdbd954"}, {"trades": [{"side": "sell", "price": 71909.4, "quantity": 0.095, "timestamp": "2024-04-08 22:28:19"}], "liquidations": [], "receive_time": 1712611699.007, "_doc": "22e7ca34-0f6b-4549-9229-cd7db5c74053"}, {"trades": [{"side": "buy", "price": 71909.3, "quantity": 0.068, "timestamp": "2024-04-08 22:28:18"}], "liquidations": [], "receive_time": 1712611698.784, "_doc": "00d5956a-13bb-4eb4-b2b7-9b85bb8d2633"}, {"trades": [{"side": "sell", "price": 71909.4, "quantity": 0.003, "timestamp": "2024-04-08 22:28:18"}], "liquidations": [], "receive_time": 1712611698.612, "_doc": "ee0ae4ee-fe89-45e4-b256-7a69307ce017"}, {"trades": [{"side": "buy", "price": 71909.3, "quantity": 0.011, "timestamp": "2024-04-08 22:28:18"}], "liquidations": [], "receive_time": 1712611698.325, "_doc": "3a9fcf86-c30f-462f-959c-8c0ed34094d0"}, {"trades": [{"side": "buy", "price": 71909.3, "quantity": 0.014, "timestamp": "2024-04-08 22:28:16"}], "liquidations": [], "receive_time": 1712611696.713, "_doc": "73bc4c15-add2-4291-8438-fd2941923edc"}, {"trades": [{"side": "sell", "price": 71909.4, "quantity": 0.7, "timestamp": "2024-04-08 22:28:16"}], "liquidations": [], "receive_time": 1712611696.529, "_doc": "f4863a7b-94c4-4c0e-a933-b7cc949c7a99"}, {"trades": [{"side": "sell", "price": 71909.4, "quantity": 0.002, "timestamp": "2024-04-08 22:28:16"}], "liquidations": [], "receive_time": 1712611696.208, "_doc": "010a5399-5795-4085-8d3f-b90843c285cb"}, {"trades": [{"side": "buy", "price": 71909.3, "quantity": 0.251, "timestamp": "2024-04-08 22:28:15"}], "liquidations": [], "receive_time": 1712611695.928, "_doc": "78bce617-de28-46cb-9da2-5ca2670aec5d"}, {"trades": [{"side": "buy", "price": 71909.3, "quantity": 0.032, "timestamp": "2024-04-08 22:28:15"}], "liquidations": [], "receive_time": 1712611695.071, "_doc": "4d588450-1c17-44b0-87d3-572f499287d3"}, {"trades": [{"side": "sell", "price": 71909.4, "quantity": 0.064, "timestamp": "2024-04-08 22:28:14"}], "liquidations": [], "receive_time": 1712611694.92, "_doc": "dc933c97-9bc2-40ce-ae65-40fbc2df1d34"}, {"trades": [{"side": "buy", "price": 71909.3, "quantity": 0.022, "timestamp": "2024-04-08 22:28:14"}], "liquidations": [], "receive_time": 1712611694.454, "_doc": "b2f56879-2738-4944-ba48-c4521c7a82ae"}, {"trades": [{"side": "sell", "price": 71909.4, "quantity": 0.1, "timestamp": "2024-04-08 22:28:14"}], "liquidations": [], "receive_time": 1712611694.303, "_doc": "10ababd9-3c8d-42e2-a07f-24c416cda12e"}, {"trades": [{"side": "buy", "price": 71909.3, "quantity": 0.034, "timestamp": "2024-04-08 22:28:14"}], "liquidations": [], "receive_time": 1712611694.161, "_doc": "c496eb07-f7e1-4ac9-83c4-efcfb625453b"}, {"trades": [{"side": "sell", "price": 71909.4, "quantity": 0.068, "timestamp": "2024-04-08 22:28:13"}], "liquidations": [], "receive_time": 1712611693.998, "_doc": "1066ed8c-1cc3-49e3-81fb-c271fcf57081"}, {"trades": [{"side": "buy", "price": 71909.3, "quantity": 0.144, "timestamp": "2024-04-08 22:28:13"}], "liquidations": [], "receive_time": 1712611693.847, "_doc": "732081a4-eff7-4911-bf10-79b7dbc969c2"}, {"trades": [{"side": "buy", "price": 71909.3, "quantity": 0.006, "timestamp": "2024-04-08 22:28:13"}], "liquidations": [], "receive_time": 1712611693.758, "_doc": "274f322a-750b-4873-9ebf-c37757c67337"}, {"trades": [{"side": "sell", "price": 71909.4, "quantity": 0.09, "timestamp": "2024-04-08 22:28:13"}], "liquidations": [], "receive_time": 1712611693.55, "_doc": "2182fb62-a722-45db-9adb-8c469f2b3905"}, {"trades": [{"side": "buy", "price": 71909.3, "quantity": 0.1, "timestamp": "2024-04-08 22:28:13"}], "liquidations": [], "receive_time": 1712611693.33, "_doc": "10acca99-47db-4482-9da7-e4de6eb2ef7f"}, {"trades": [{"side": "sell", "price": 71909.4, "quantity": 0.05, "timestamp": "2024-04-08 22:28:13"}], "liquidations": [], "receive_time": 1712611693.159, "_doc": "1bae2d71-2d98-4000-967b-78bc8c51c5d5"}, {"trades": [{"side": "buy", "price": 71909.3, "quantity": 0.049, "timestamp": "2024-04-08 22:28:12"}], "liquidations": [], "receive_time": 1712611692.553, "_doc": "07644ea4-3be5-42fd-9fb7-a085e5953565"}, {"trades": [{"side": "buy", "price": 71909.3, "quantity": 0.017, "timestamp": "2024-04-08 22:28:11"}], "liquidations": [], "receive_time": 1712611691.672, "_doc": "c1ceb9c4-1514-4fc4-a705-61f947647204"}, {"trades": [{"side": "buy", "price": 71909.3, "quantity": 0.035, "timestamp": "2024-04-08 22:28:10"}], "liquidations": [], "receive_time": 1712611690.913, "_doc": "7744dcd0-de27-490d-96cc-5b839776944f"}, {"trades": [{"side": "sell", "price": 71909.4, "quantity": 1.0, "timestamp": "2024-04-08 22:28:10"}], "liquidations": [], "receive_time": 1712611690.704, "_doc": "0f9201b9-1502-4607-8d78-26ca126192ed"}, {"trades": [{"side": "buy", "price": 71909.3, "quantity": 0.934, "timestamp": "2024-04-08 22:28:10"}], "liquidations": [], "receive_time": 1712611690.547, "_doc": "057cc8fb-b32a-4e07-9732-afa942782e56"}, {"trades": [{"side": "buy", "price": 71909.3, "quantity": 0.206, "timestamp": "2024-04-08 22:28:09"}], "liquidations": [], "receive_time": 1712611689.4, "_doc": "c6b078d3-3bbf-44c5-8e04-4c0da8eb730a"}, {"trades": [{"side": "sell", "price": 71909.4, "quantity": 2.096, "timestamp": "2024-04-08 22:28:09"}], "liquidations": [], "receive_time": 1712611689.249, "_doc": "981c0e6c-3d4d-4aeb-b8ad-e3ef493ef40c"}, {"trades": [{"side": "buy", "price": 71909.3, "quantity": 0.002, "timestamp": "2024-04-08 22:28:09"}], "liquidations": [], "receive_time": 1712611689.201, "_doc": "d08ca45d-b0cf-4d5c-bf57-271090fbfb1e"}, {"trades": [{"side": "sell", "price": 71909.4, "quantity": 0.043, "timestamp": "2024-04-08 22:28:09"}], "liquidations": [], "receive_time": 1712611689.043, "_doc": "42516523-3be8-42f4-9dfc-f6f6292b50ef"}, {"trades": [{"side": "buy", "price": 71909.3, "quantity": 0.178, "timestamp": "2024-04-08 22:28:08"}], "liquidations": [], "receive_time": 1712611688.133, "_doc": "f67cef62-1df9-4680-9b51-2c3a31641166"}, {"trades": [{"side": "buy", "price": 71909.3, "quantity": 0.006, "timestamp": "2024-04-08 22:28:07"}], "liquidations": [], "receive_time": 1712611687.228, "_doc": "ef3e91a6-5bce-4881-bd72-c07214ee4a71"}, {"trades": [{"side": "sell", "price": 71909.4, "quantity": 0.008, "timestamp": "2024-04-08 22:28:05"}], "liquidations": [], "receive_time": 1712611685.186, "_doc": "546f45f0-94e8-4b2a-91bf-3398d342a48d"}, {"trades": [{"side": "buy", "price": 71909.3, "quantity": 0.014, "timestamp": "2024-04-08 22:28:04"}], "liquidations": [], "receive_time": 1712611684.674, "_doc": "82d7e150-7f4c-4240-8b95-4e19acf913ae"}, {"trades": [{"side": "buy", "price": 71909.3, "quantity": 0.026, "timestamp": "2024-04-08 22:28:04"}], "liquidations": [], "receive_time": 1712611684.405, "_doc": "4694f693-866d-41a8-a070-a42b3efe166b"}, {"trades": [{"side": "buy", "price": 71909.3, "quantity": 0.02, "timestamp": "2024-04-08 22:28:03"}], "liquidations": [], "receive_time": 1712611683.754, "_doc": "08a627a5-6d6f-4da4-9c73-74c8aabd2704"}, {"trades": [{"side": "buy", "price": 71909.3, "quantity": 0.014, "timestamp": "2024-04-08 22:28:03"}], "liquidations": [], "receive_time": 1712611683.303, "_doc": "898ca617-ae0f-4d4c-a112-a2e1f6a92b94"}, {"trades": [{"side": "buy", "price": 71909.3, "quantity": 0.33, "timestamp": "2024-04-08 22:28:02"}], "liquidations": [], "receive_time": 1712611682.772, "_doc": "45d33324-c19e-4d4b-8e08-fc827f42b819"}, {"trades": [{"side": "buy", "price": 71909.9, "quantity": 0.02, "timestamp": "2024-04-08 22:28:02"}], "liquidations": [], "receive_time": 1712611682.442, "_doc": "f5e86753-d050-4809-9a95-732981a5b2df"}, {"trades": [{"side": "buy", "price": 71910.0, "quantity": 0.52, "timestamp": "2024-04-08 22:28:02"}], "liquidations": [], "receive_time": 1712611682.291, "_doc": "572cd353-bfb1-4b9e-90fe-b891578cc144"}, {"trades": [{"side": "buy", "price": 71910.0, "quantity": 0.05, "timestamp": "2024-04-08 22:28:01"}], "liquidations": [], "receive_time": 1712611681.703, "_doc": "444e9848-2780-45e4-aad5-9ed9b3d4fece"}, {"trades": [{"side": "sell", "price": 71910.1, "quantity": 0.004, "timestamp": "2024-04-08 22:28:01"}], "liquidations": [], "receive_time": 1712611681.552, "_doc": "e7c041da-fe90-46ef-b3a9-3b5dc13f375c"}, {"trades": [{"side": "buy", "price": 71910.0, "quantity": 0.017, "timestamp": "2024-04-08 22:28:01"}], "liquidations": [], "receive_time": 1712611681.416, "_doc": "5b9dab01-f48c-4c7f-87ae-bc95842d9789"}, {"trades": [{"side": "sell", "price": 71910.1, "quantity": 0.01, "timestamp": "2024-04-08 22:28:01"}], "liquidations": [], "receive_time": 1712611681.142, "_doc": "02e4ea13-df4e-474d-8d62-6d60c25d2968"}, {"trades": [{"side": "buy", "price": 71910.0, "quantity": 0.009, "timestamp": "2024-04-08 22:28:00"}], "liquidations": [], "receive_time": 1712611680.991, "_doc": "17307c9d-158b-4129-9478-6fc207fc1b3e"}, {"trades": [{"side": "buy", "price": 71910.0, "quantity": 0.3, "timestamp": "2024-04-08 22:28:00"}], "liquidations": [], "receive_time": 1712611680.741, "_doc": "d5430044-bfe0-4e91-9e60-bc45905acc36"}, {"trades": [{"side": "sell", "price": 71910.1, "quantity": 0.02, "timestamp": "2024-04-08 22:28:00"}], "liquidations": [], "receive_time": 1712611680.587, "_doc": "ce8c3644-f041-4d95-813d-9d8cd44b46a1"}, {"trades": [{"side": "buy", "price": 71910.0, "quantity": 0.105, "timestamp": "2024-04-08 22:28:00"}], "liquidations": [], "receive_time": 1712611680.436, "_doc": "bf6a4d6d-e971-46af-8642-417708acce4e"}, {"trades": [{"side": "buy", "price": 71910.0, "quantity": 0.074, "timestamp": "2024-04-08 22:28:00"}], "liquidations": [], "receive_time": 1712611680.284, "_doc": "5d84e3f4-1360-4e39-b680-a12596c1b17c"}, {"trades": [{"side": "buy", "price": 71910.0, "quantity": 0.004, "timestamp": "2024-04-08 22:28:00"}], "liquidations": [], "receive_time": 1712611680.133, "_doc": "2436067a-4ebf-44d3-9d88-6efbf9dc973f"}, {"trades": [{"side": "sell", "price": 71910.1, "quantity": 0.066, "timestamp": "2024-04-08 22:28:00"}], "liquidations": [], "receive_time": 1712611680.013, "_doc": "18ec376a-83f1-48ed-8598-a192b01e9bf8"}, {"trades": [{"side": "buy", "price": 71910.0, "quantity": 0.003, "timestamp": "2024-04-08 22:27:59"}], "liquidations": [], "receive_time": 1712611679.825, "_doc": "b8834584-832c-4975-afd0-26e28f16409c"}, {"trades": [{"side": "buy", "price": 71910.0, "quantity": 0.013, "timestamp": "2024-04-08 22:27:59"}], "liquidations": [], "receive_time": 1712611679.207, "_doc": "f4a24326-0302-4c8c-843f-aac77d9a041b"}, {"trades": [{"side": "sell", "price": 71910.1, "quantity": 0.002, "timestamp": "2024-04-08 22:27:58"}], "liquidations": [], "receive_time": 1712611678.967, "_doc": "e26663f9-b6fc-46d3-8199-8254487b2489"}, {"trades": [{"side": "buy", "price": 71910.0, "quantity": 0.416, "timestamp": "2024-04-08 22:27:58"}], "liquidations": [], "receive_time": 1712611678.605, "_doc": "31d641a9-9d5d-4c81-869a-f865531c0e7b"}, {"trades": [{"side": "sell", "price": 71910.1, "quantity": 0.007, "timestamp": "2024-04-08 22:27:58"}], "liquidations": [], "receive_time": 1712611678.385, "_doc": "9ed63ea9-894b-4cda-8828-d7406be98a16"}, {"trades": [{"side": "buy", "price": 71910.0, "quantity": 0.001, "timestamp": "2024-04-08 22:27:58"}], "liquidations": [], "receive_time": 1712611678.234, "_doc": "97efcd04-22df-4e99-928f-04d97acb0e70"}, {"trades": [{"side": "buy", "price": 71910.0, "quantity": 0.066, "timestamp": "2024-04-08 22:27:58"}], "liquidations": [], "receive_time": 1712611678.055, "_doc": "45762bd5-c9f8-485e-99a8-9b336172dbe9"}, {"trades": [{"side": "sell", "price": 71910.1, "quantity": 0.037, "timestamp": "2024-04-08 22:27:57"}], "liquidations": [], "receive_time": 1712611677.029, "_doc": "14de4668-0398-4989-9e9d-d360573c67e1"}, {"trades": [{"side": "buy", "price": 71910.0, "quantity": 0.1, "timestamp": "2024-04-08 22:27:56"}], "liquidations": [], "receive_time": 1712611676.195, "_doc": "2fae1d1d-8d90-46b2-8c94-8739f51d7086"}, {"trades": [{"side": "buy", "price": 71910.0, "quantity": 0.06, "timestamp": "2024-04-08 22:27:55"}], "liquidations": [], "receive_time": 1712611675.693, "_doc": "5f7e7ef4-9561-4fff-80ba-e4875739bbff"}, {"trades": [{"side": "sell", "price": 71910.1, "quantity": 0.066, "timestamp": "2024-04-08 22:27:55"}], "liquidations": [], "receive_time": 1712611675.542, "_doc": "8de1990a-b695-45ba-aaf0-f9d21d8c429e"}, {"trades": [{"side": "buy", "price": 71910.0, "quantity": 0.111, "timestamp": "2024-04-08 22:27:54"}], "liquidations": [], "receive_time": 1712611674.716, "_doc": "589d8930-d7ee-4cee-bec6-c162d219a7f2"}, {"trades": [{"side": "sell", "price": 71910.1, "quantity": 0.001, "timestamp": "2024-04-08 22:27:54"}], "liquidations": [], "receive_time": 1712611674.565, "_doc": "3225f2c7-17c4-49f1-84d9-64790a9be591"}, {"trades": [{"side": "buy", "price": 71910.0, "quantity": 0.009, "timestamp": "2024-04-08 22:27:53"}], "liquidations": [], "receive_time": 1712611673.822, "_doc": "932a4b9a-66cc-4e8e-b125-7bad142a5841"}, {"trades": [{"side": "sell", "price": 71910.1, "quantity": 0.004, "timestamp": "2024-04-08 22:27:53"}], "liquidations": [], "receive_time": 1712611673.222, "_doc": "6b87f6bc-8e70-4729-ba44-eb379d307936"}, {"trades": [{"side": "sell", "price": 71910.1, "quantity": 0.067, "timestamp": "2024-04-08 22:27:52"}], "liquidations": [], "receive_time": 1712611672.759, "_doc": "1ab0d651-2669-4f72-a6c7-a32556591dbc"}, {"trades": [{"side": "buy", "price": 71910.0, "quantity": 0.004, "timestamp": "2024-04-08 22:27:52"}], "liquidations": [], "receive_time": 1712611672.593, "_doc": "3984012d-db30-4bf2-b7ae-8754cea90389"}, {"trades": [{"side": "sell", "price": 71910.1, "quantity": 0.02, "timestamp": "2024-04-08 22:27:52"}], "liquidations": [], "receive_time": 1712611672.328, "_doc": "a36b931b-4c7b-4d71-a745-c9a3d2f937a4"}, {"trades": [{"side": "buy", "price": 71910.0, "quantity": 0.002, "timestamp": "2024-04-08 22:27:52"}], "liquidations": [], "receive_time": 1712611672.177, "_doc": "cb7edadd-b2e0-4e6e-9ef9-aed36b7d7d63"}, {"trades": [{"side": "buy", "price": 71910.8, "quantity": 0.028, "timestamp": "2024-04-08 22:27:52"}], "liquidations": [], "receive_time": 1712611672.129, "_doc": "e5f32072-f30f-4a25-bc7c-726f328ac724"}, {"trades": [{"side": "buy", "price": 71910.9, "quantity": 0.018, "timestamp": "2024-04-08 22:27:52"}], "liquidations": [], "receive_time": 1712611672.129, "_doc": "9ebef1a0-b2e9-4278-a8ed-260d42d512f1"}, {"trades": [{"side": "buy", "price": 71911.8, "quantity": 0.034, "timestamp": "2024-04-08 22:27:51"}], "liquidations": [], "receive_time": 1712611671.656, "_doc": "b7d7c8fe-20a4-434a-8872-be2a8f9d9535"}, {"trades": [{"side": "buy", "price": 71911.9, "quantity": 0.176, "timestamp": "2024-04-08 22:27:51"}], "liquidations": [], "receive_time": 1712611671.505, "_doc": "09657ab1-a88b-48d9-991b-9f3c6c4c262f"}, {"trades": [{"side": "sell", "price": 71912.0, "quantity": 0.236, "timestamp": "2024-04-08 22:27:50"}], "liquidations": [], "receive_time": 1712611670.782, "_doc": "b8a8bcae-9344-4014-8974-0c3243a3050b"}, {"trades": [{"side": "buy", "price": 71911.9, "quantity": 0.003, "timestamp": "2024-04-08 22:27:50"}], "liquidations": [], "receive_time": 1712611670.285, "_doc": "7a85999f-51c7-45cd-ab08-bd634ae87fba"}, {"trades": [{"side": "sell", "price": 71886.4, "quantity": 0.004, "timestamp": "2024-04-08 22:27:50"}], "liquidations": [], "receive_time": 1712611670.036, "_doc": "4fe2395c-e803-4700-ab7f-989d687e99a6"}, {"trades": [{"side": "sell", "price": 71912.0, "quantity": 0.004, "timestamp": "2024-04-08 22:27:49"}], "liquidations": [], "receive_time": 1712611669.327, "_doc": "8fe376e9-0a07-4c58-8962-d6b965409544"}, {"trades": [{"side": "buy", "price": 71911.9, "quantity": 0.002, "timestamp": "2024-04-08 22:27:48"}], "liquidations": [], "receive_time": 1712611668.98, "_doc": "601cdadd-66a0-4bea-ab5b-b6694847ce1a"}, {"trades": [{"side": "sell", "price": 71912.0, "quantity": 0.131, "timestamp": "2024-04-08 22:27:48"}], "liquidations": [], "receive_time": 1712611668.623, "_doc": "e382e8c1-414f-444b-b89b-1ae46e8acac7"}, {"trades": [{"side": "buy", "price": 71911.9, "quantity": 0.023, "timestamp": "2024-04-08 22:27:47"}], "liquidations": [], "receive_time": 1712611667.316, "_doc": "b1e54039-eed7-4575-8606-7bc90b8a9e39"}, {"trades": [{"side": "buy", "price": 71911.9, "quantity": 0.002, "timestamp": "2024-04-08 22:27:47"}], "liquidations": [], "receive_time": 1712611667.046, "_doc": "2c75d670-720f-4f9b-851b-25a0e3149d3b"}, {"trades": [{"side": "sell", "price": 71912.0, "quantity": 0.235, "timestamp": "2024-04-08 22:27:46"}], "liquidations": [], "receive_time": 1712611666.895, "_doc": "c8532f60-31bb-4da6-95ac-3f6171b8d805"}, {"trades": [{"side": "sell", "price": 71912.0, "quantity": 0.082, "timestamp": "2024-04-08 22:27:46"}], "liquidations": [], "receive_time": 1712611666.654, "_doc": "74f4f786-b94d-4498-80f1-2122ef66c910"}, {"trades": [{"side": "sell", "price": 71912.0, "quantity": 0.008, "timestamp": "2024-04-08 22:27:46"}], "liquidations": [], "receive_time": 1712611666.503, "_doc": "f4adb19b-6e80-4d92-aec1-085b736f750f"}, {"trades": [{"side": "sell", "price": 71912.0, "quantity": 0.598, "timestamp": "2024-04-08 22:27:46"}], "liquidations": [], "receive_time": 1712611666.054, "_doc": "400a6518-bc92-4378-b8de-66c8fd4b1dbf"}, {"trades": [{"side": "buy", "price": 71911.9, "quantity": 0.003, "timestamp": "2024-04-08 22:27:45"}], "liquidations": [], "receive_time": 1712611665.903, "_doc": "c1719929-1704-4772-b4fe-62dba65d1b03"}, {"trades": [{"side": "sell", "price": 71912.0, "quantity": 0.006, "timestamp": "2024-04-08 22:27:45"}], "liquidations": [], "receive_time": 1712611665.394, "_doc": "21094156-cab0-42b4-9454-f315c0e4a460"}, {"trades": [{"side": "buy", "price": 71911.9, "quantity": 0.002, "timestamp": "2024-04-08 22:27:45"}], "liquidations": [], "receive_time": 1712611665.243, "_doc": "b2b20a59-71c5-4c69-aebe-86914ae16439"}, {"trades": [{"side": "sell", "price": 71912.0, "quantity": 0.487, "timestamp": "2024-04-08 22:27:45"}], "liquidations": [], "receive_time": 1712611665.233, "_doc": "6dee4b81-5c78-4112-b598-c9f6bc82af92"}, {"trades": [{"side": "sell", "price": 71912.0, "quantity": 0.002, "timestamp": "2024-04-08 22:27:45"}], "liquidations": [], "receive_time": 1712611665.226, "_doc": "0c9522d9-46a9-43e1-90f1-9c0f2faf84a1"}, {"trades": [{"side": "buy", "price": 71911.9, "quantity": 0.004, "timestamp": "2024-04-08 22:27:44"}], "liquidations": [], "receive_time": 1712611664.393, "_doc": "b64ab5a7-9f46-413c-9e50-4e94c050642c"}, {"trades": [{"side": "sell", "price": 71886.4, "quantity": 0.006, "timestamp": "2024-04-08 22:27:44"}], "liquidations": [], "receive_time": 1712611664.168, "_doc": "9af70a0f-b794-405b-9414-7b215cb13a0f"}, {"trades": [{"side": "sell", "price": 71912.0, "quantity": 0.015, "timestamp": "2024-04-08 22:27:44"}], "liquidations": [], "receive_time": 1712611664.065, "_doc": "b0c11bed-1c82-46b4-8914-22655739caa0"}, {"trades": [{"side": "buy", "price": 71911.9, "quantity": 0.002, "timestamp": "2024-04-08 22:27:43"}], "liquidations": [], "receive_time": 1712611663.914, "_doc": "851ac0ae-4f36-4598-96c2-561184ee7c47"}, {"trades": [{"side": "buy", "price": 71911.9, "quantity": 0.02, "timestamp": "2024-04-08 22:27:42"}], "liquidations": [], "receive_time": 1712611662.744, "_doc": "408aa40f-0eb5-4bd4-8623-3c97726d3dd2"}, {"trades": [{"side": "sell", "price": 71912.0, "quantity": 0.138, "timestamp": "2024-04-08 22:27:42"}], "liquidations": [], "receive_time": 1712611662.548, "_doc": "9f159d37-53a6-419e-b5d2-3cd0c6ca69cb"}, {"trades": [{"side": "sell", "price": 71912.0, "quantity": 0.067, "timestamp": "2024-04-08 22:27:42"}], "liquidations": [], "receive_time": 1712611662.207, "_doc": "01d73c69-802e-446d-8a52-2873aae988ab"}, {"trades": [{"side": "sell", "price": 71912.0, "quantity": 0.057, "timestamp": "2024-04-08 22:27:41"}], "liquidations": [], "receive_time": 1712611661.51, "_doc": "2cc888bb-be9e-4c58-b27e-92ee97c5f07e"}, {"trades": [{"side": "sell", "price": 71912.0, "quantity": 0.01, "timestamp": "2024-04-08 22:27:41"}], "liquidations": [], "receive_time": 1712611661.242, "_doc": "350443f4-bdeb-495b-bc69-c5fc206204a3"}, {"trades": [{"side": "buy", "price": 71887.3, "quantity": 0.004, "timestamp": "2024-04-08 22:27:40"}], "liquidations": [], "receive_time": 1712611660.191, "_doc": "2fec7cf5-a715-4ce7-b02f-680375c1e074"}, {"trades": [{"side": "buy", "price": 71911.9, "quantity": 0.023, "timestamp": "2024-04-08 22:27:40"}], "liquidations": [], "receive_time": 1712611660.187, "_doc": "4249538f-6fd8-42cb-8b8c-5370c21c2041"}, {"trades": [{"side": "buy", "price": 71891.2, "quantity": 0.021, "timestamp": "2024-04-08 22:27:40"}], "liquidations": [], "receive_time": 1712611660.04, "_doc": "85e6360f-52eb-403a-9469-ae5f8999b3bd"}, {"trades": [{"side": "buy", "price": 71891.5, "quantity": 0.008, "timestamp": "2024-04-08 22:27:40"}], "liquidations": [], "receive_time": 1712611660.037, "_doc": "a5c1069b-b231-49e1-a852-3b412546c5bd"}, {"trades": [{"side": "buy", "price": 71891.9, "quantity": 0.022, "timestamp": "2024-04-08 22:27:40"}], "liquidations": [], "receive_time": 1712611660.037, "_doc": "7fb0b80b-e0f8-4773-9588-d53ea44e6d1a"}, {"trades": [{"side": "buy", "price": 71912.0, "quantity": 0.002, "timestamp": "2024-04-08 22:27:40"}], "liquidations": [], "receive_time": 1712611660.036, "_doc": "22145eb8-d195-47c6-b357-2594aaccbd25"}, {"trades": [{"side": "buy", "price": 71912.9, "quantity": 0.008, "timestamp": "2024-04-08 22:27:40"}], "liquidations": [], "receive_time": 1712611660.036, "_doc": "bcdced0d-d52d-4bcc-b0c6-8f9302bec6ff"}, {"trades": [{"side": "buy", "price": 71913.0, "quantity": 0.012, "timestamp": "2024-04-08 22:27:40"}], "liquidations": [], "receive_time": 1712611660.036, "_doc": "c35fa3cd-43b4-4218-b71e-cc83f0464586"}, {"trades": [{"side": "buy", "price": 71913.1, "quantity": 0.363, "timestamp": "2024-04-08 22:27:40"}], "liquidations": [], "receive_time": 1712611660.036, "_doc": "d802b88c-67c9-4685-a716-bc82bf8900d4"}, {"trades": [{"side": "buy", "price": 71913.1, "quantity": 0.189, "timestamp": "2024-04-08 22:27:40"}], "liquidations": [], "receive_time": 1712611660.031, "_doc": "c3822b30-042d-436f-aa49-5074aa4a42b7"}, {"trades": [{"side": "buy", "price": 71891.9, "quantity": 0.078, "timestamp": "2024-04-08 22:27:40"}], "liquidations": [], "receive_time": 1712611660.032, "_doc": "0368e0c2-bc7f-4cad-9011-73a37026ee91"}, {"trades": [{"side": "buy", "price": 71913.3, "quantity": 0.009, "timestamp": "2024-04-08 22:27:39"}], "liquidations": [], "receive_time": 1712611659.88, "_doc": "a5f6e5bc-5fc3-4119-b1ba-ab3cd50c40ca"}, {"trades": [{"side": "buy", "price": 71914.0, "quantity": 0.002, "timestamp": "2024-04-08 22:27:39"}], "liquidations": [], "receive_time": 1712611659.88, "_doc": "c5fc40ba-5a11-43f4-9b56-dd2f3754770d"}, {"trades": [{"side": "buy", "price": 71914.5, "quantity": 0.004, "timestamp": "2024-04-08 22:27:39"}], "liquidations": [], "receive_time": 1712611659.88, "_doc": "91f3cb21-0a08-4cc3-903f-92a696339f07"}, {"trades": [{"side": "buy", "price": 71915.1, "quantity": 0.045, "timestamp": "2024-04-08 22:27:39"}], "liquidations": [], "receive_time": 1712611659.878, "_doc": "63f8d154-9fee-4a83-8f0d-362e822ec889"}, {"trades": [{"side": "buy", "price": 71915.4, "quantity": 0.02, "timestamp": "2024-04-08 22:27:39"}], "liquidations": [], "receive_time": 1712611659.878, "_doc": "b8b86c4e-ac62-4bcb-a155-c11c078c709d"}, {"trades": [{"side": "buy", "price": 71915.5, "quantity": 0.016, "timestamp": "2024-04-08 22:27:39"}], "liquidations": [], "receive_time": 1712611659.878, "_doc": "d314fe9b-c03b-4f32-88ae-0e8bc8577c7a"}, {"trades": [{"side": "buy", "price": 71915.6, "quantity": 1.781, "timestamp": "2024-04-08 22:27:39"}], "liquidations": [], "receive_time": 1712611659.878, "_doc": "a41a2e60-95f5-478e-b110-b259eda9fd8d"}, {"trades": [{"side": "buy", "price": 71915.6, "quantity": 0.003, "timestamp": "2024-04-08 22:27:39"}], "liquidations": [], "receive_time": 1712611659.671, "_doc": "5b263ea1-4e64-44df-83bb-08ac55f1512d"}, {"trades": [{"side": "sell", "price": 71915.7, "quantity": 0.004, "timestamp": "2024-04-08 22:27:39"}], "liquidations": [], "receive_time": 1712611659.406, "_doc": "d2b48e8b-a376-4f80-b616-31c9368dbe3c"}, {"trades": [{"side": "sell", "price": 71915.7, "quantity": 0.119, "timestamp": "2024-04-08 22:27:35"}], "liquidations": [], "receive_time": 1712611655.427, "_doc": "fffca455-ec96-4a7b-abb9-7c24f03092c4"}, {"trades": [{"side": "sell", "price": 71915.7, "quantity": 0.01, "timestamp": "2024-04-08 22:27:35"}], "liquidations": [], "receive_time": 1712611655.093, "_doc": "52f7a69b-ac2d-4e41-b2f7-c17651c2e34f"}, {"trades": [{"side": "sell", "price": 71915.7, "quantity": 0.004, "timestamp": "2024-04-08 22:27:34"}], "liquidations": [], "receive_time": 1712611654.852, "_doc": "ae3a82f7-4c3b-491d-894e-8a910d4ad35b"}, {"trades": [{"side": "sell", "price": 71915.7, "quantity": 0.004, "timestamp": "2024-04-08 22:27:34"}], "liquidations": [], "receive_time": 1712611654.092, "_doc": "14cab407-6731-40db-8638-bc8045442bb7"}, {"trades": [{"side": "buy", "price": 71915.6, "quantity": 0.002, "timestamp": "2024-04-08 22:27:33"}], "liquidations": [], "receive_time": 1712611653.941, "_doc": "e8200ef6-5f5c-4147-bb6a-6ffb644ce5d3"}, {"trades": [{"side": "buy", "price": 71915.6, "quantity": 0.655, "timestamp": "2024-04-08 22:27:33"}], "liquidations": [], "receive_time": 1712611653.309, "_doc": "3175610d-584d-4705-820d-f07eb8996011"}, {"trades": [{"side": "buy", "price": 71915.6, "quantity": 0.032, "timestamp": "2024-04-08 22:27:32"}], "liquidations": [], "receive_time": 1712611652.935, "_doc": "996e89eb-acd7-42cc-8c46-2e9532d89c2b"}]