[{"timestamp": "2024-04-08 22:28:46", "receive_time": 1712611726.124, "asks": [[71848.39, 9.10297], [71854.0, 0.861], [71855.63, 0.45212], [71861.0, 0.1], [71884.26, 0.016], [71891.75, 0.0], [71892.55, 10.26207], [71893.6, 1.75358], [71893.67, 0.0], [72268.23, 0.00045], [72555.82, 0.00045], [72926.12, 0.001]], "bids": [[71848.38, 0.02084], [71847.35, 0.0054], [71847.34, 0.27839], [71847.33, 0.0], [71846.78, 0.0], [71846.62, 0.27839], [71846.48, 0.0], [71846.25, 0.0], [71845.99, 0.0], [71845.9, 0.27839], [71845.89, 0.13919], [71845.18, 0.27839], [71843.41, 0.0], [71843.18, 0.02], [71842.92, 0.0], [71842.48, 0.04], [71842.47, 0.0], [71842.14, 0.1392], [71835.65, 0.0], [71833.3, 0.04], [71832.87, 0.36085], [71832.86, 0.60129], [71832.85, 0.0], [71832.84, 0.0], [71822.2, 0.00132], [71809.45, 0.0], [71805.76, 0.0], [71801.01, 0.05609], [71796.35, 0.016], [71693.05, 0.00045], [71604.24, 0.0], [71405.45, 0.00055], [71298.51, 0.00197], [71297.67, 0.0], [71129.9, 0.0], [71064.0, 0.00181], [71058.06, 0.00027], [70770.65, 0.001], [64663.0, 0.00024], [62710.45, 0.00704], [60497.14, 0.00303], [58283.83, 0.00273], [57478.71, 0.00031], [35924.19, 0.00033]], "_doc": "1869acce-9af4-4136-97fb-763a8044eb83"}, {"timestamp": "2024-04-08 22:28:45", "receive_time": 1712611725.124, "asks": [[71848.39, 12.68386], [71848.68, 0.0], [71854.01, 2.39093], [71858.14, 0.0], [71861.4, 0.10399], [71879.27, 0.00016], [71888.85, 0.01457], [71891.74, 0.0], [71891.75, 9.90366], [71891.76, 0.00015], [71892.55, 0.0], [71929.29, 0.0], [71943.35, 0.2], [71953.5, 0.0], [71987.7, 0.495], [71989.5, 0.0], [71996.69, 0.02505], [72511.05, 0.00279], [72512.09, 0.0], [72531.74, 0.00348], [72533.0, 0.02311], [72843.41, 0.00045], [72931.83, 0.0], [73131.0, 0.12277], [73418.6, 0.00045], [73706.19, 0.00045], [74854.0, 0.20687]], "bids": [[71848.38, 0.01861], [71848.0, 0.0], [71847.33, 0.00541], [71847.32, 0.0], [71847.14, 0.0], [71846.77, 0.0], [71846.56, 0.0], [71846.3, 0.0], [71846.28, 0.0], [71846.25, 0.13919], [71845.53, 0.0], [71844.75, 0.0], [71844.59, 0.65473], [71843.48, 0.0], [71842.92, 0.00279], [71842.69, 0.0], [71842.58, 0.2784], [71842.21, 0.0], [71841.32, 0.0], [71838.75, 0.0], [71838.72, 0.11855], [71838.71, 0.01861], [71838.67, 0.0], [71838.11, 0.0], [71835.65, 0.0], [71832.85, 0.32227], [71832.84, 0.60129], [71832.83, 0.0], [71819.76, 0.0027], [71775.32, 0.00845], [71705.71, 0.02505], [71669.78, 0.00348], [71669.58, 0.0], [71655.3, 0.0], [71651.0, 0.2], [71632.25, 0.00279], [71632.12, 0.0], [71129.9, 0.0], [70776.19, 0.00051], [65314.29, 0.00026], [65290.11, 0.0], [57478.71, 0.00031], [35924.19, 0.00033]], "_doc": "6ef6ac59-66fd-4480-bd78-a3fe9899a89e"}, {"timestamp": "2024-04-08 22:28:44", "receive_time": 1712611724.124, "asks": [[71848.39, 11.85565], [71849.66, 0.04164], [71850.42, 0.04164], [71854.01, 2.40093], [71860.97, 0.76513], [71861.0, 0.93468], [71861.4, 0.51996], [71863.98, 0.16], [71866.44, 0.27732], [71871.9, 0.0], [71875.94, 0.27827], [71888.83, 0.0], [71890.25, 0.0], [71891.16, 5.9332], [71891.6, 0.0], [71891.75, 9.90366], [71892.55, 0.0], [71893.12, 0.0], [71893.6, 0.9189], [71899.76, 0.00018], [71911.06, 0.00198], [71920.87, 0.0], [71968.57, 0.00396], [71971.33, 0.0], [71973.62, 0.00437], [71978.39, 0.0], [72018.94, 0.0001], [72035.35, 0.0], [72084.31, 0.02505], [73000.0, 265.95336], [73010.0, 0.07238], [73993.78, 0.00045], [74281.37, 0.00045], [74568.96, 0.00081], [74856.55, 0.00045]], "bids": [[71848.38, 0.02353], [71848.0, 0.0], [71847.59, 0.0], [71847.44, 0.0], [71847.01, 0.0], [71847.0, 0.0], [71846.87, 0.0], [71846.64, 0.0], [71846.56, 0.0139], [71846.28, 0.13919], [71844.75, 0.38592], [71844.74, 0.0], [71844.51, 0.0], [71844.4, 7e-05], [71844.08, 0.0], [71843.6, 0.0], [71843.41, 0.08], [71843.28, 0.26706], [71843.02, 0.0], [71842.95, 0.0], [71842.79, 0.0], [71842.56, 0.0], [71842.42, 0.19121], [71842.31, 0.0], [71842.21, 0.00279], [71841.62, 0.0], [71841.55, 0.0], [71840.53, 0.15344], [71838.92, 0.0], [71838.67, 0.11851], [71838.11, 0.02353], [71837.41, 0.19752], [71835.66, 0.0], [71835.65, 0.60128], [71835.59, 0.0], [71835.49, 0.0], [71835.47, 0.02136], [71835.45, 0.0], [71835.43, 0.0], [71835.37, 0.0], [71835.34, 0.0], [71834.45, 0.0], [71832.83, 0.26522], [71832.82, 0.0], [71832.81, 0.0], [71829.81, 0.0], [71829.39, 0.0], [71828.08, 0.04276], [71819.71, 0.0], [71816.46, 0.21353], [71812.2, 0.16702], [71796.89, 0.0], [71788.79, 0.01457], [71785.06, 0.0], [71784.5, 0.00198], [71777.54, 0.0], [71774.84, 0.0], [71765.29, 0.13967], [71758.41, 0.0277], [71727.04, 0.00396], [71702.68, 0.16721], [71700.47, 0.0], [71698.01, 5.06025], [71666.85, 0.0], [71622.97, 0.01491], [71129.9, 0.0], [66105.68, 0.0], [64663.0, 0.00024], [57478.71, 0.00031], [35924.19, 0.00033]], "_doc": "a0a42b48-a2dc-4036-9bd3-7e711c64a0d1"}, {"timestamp": "2024-04-08 22:28:43", "receive_time": 1712611723.124, "asks": [[71848.39, 10.95814], [71849.11, 0.11], [71850.01, 2.25086], [71850.73, 0.0], [71850.77, 0.0], [71851.52, 0.16202], [71854.01, 2.58782], [71855.3, 2.1352], [71858.16, 7e-05], [71860.43, 0.05571], [71861.4, 0.10399], [71866.44, 0.0], [71868.49, 0.0], [71868.5, 0.0], [71878.8, 7e-05], [71880.89, 0.08192], [71890.25, 0.3287], [71891.16, 0.0], [71891.2, 0.0], [71892.48, 0.0], [71892.49, 0.0], [71892.55, 0.0], [71893.12, 9.88855], [71893.6, 0.9189], [71899.76, 0.83486], [71899.99, 0.76866], [71900.78, 0.33387], [71944.75, 0.2], [71946.93, 0.014], [71950.76, 0.0], [71955.98, 0.0], [71986.8, 0.0], [71989.5, 0.553], [72100.0, 90.85999], [75144.15, 0.00045], [75431.74, 0.00045], [75719.33, 0.00045], [76006.92, 0.00045], [76294.51, 0.00045], [76582.1, 0.00045], [76869.7, 0.00045]], "bids": [[71848.38, 0.41172], [71848.19, 0.0], [71848.0, 0.0], [71847.44, 0.13919], [71847.01, 0.0], [71846.94, 0.0], [71846.84, 0.0], [71845.07, 0.0], [71844.75, 0.20028], [71844.47, 0.0], [71843.69, 0.0], [71843.6, 0.13919], [71843.0, 0.0], [71842.56, 0.2784], [71838.92, 0.03343], [71837.99, 0.45212], [71837.48, 0.05571], [71836.15, 0.0], [71836.14, 0.0], [71835.94, 0.0], [71835.92, 0.0], [71835.82, 0.0], [71835.71, 0.0], [71830.6, 0.0], [71830.53, 0.0], [71829.81, 0.04234], [71825.09, 0.0], [71819.79, 0.0], [71817.68, 0.0], [71817.48, 0.0], [71816.46, 0.25052], [71816.45, 0.41751], [71816.29, 0.0], [71815.99, 0.0], [71812.2, 0.0], [71808.12, 0.0], [71807.6, 0.09232], [71806.91, 0.0], [71805.29, 0.20013], [71805.0, 0.07], [71801.63, 0.001], [71777.0, 0.0], [71776.99, 0.0], [71776.92, 0.0], [71776.91, 0.0], [71776.87, 0.0], [71776.86, 0.0], [71776.65, 0.0], [71776.64, 0.0], [71776.39, 0.0], [71776.38, 0.0], [71776.37, 0.0], [71776.36, 0.0], [71776.3, 0.0], [71776.29, 0.0], [71775.86, 0.00845], [71775.56, 0.0], [71775.55, 0.0], [71716.86, 0.0], [71702.68, 0.10277], [71693.86, 0.001], [71655.3, 0.2], [71655.0, 0.0], [71648.97, 0.0], [71129.9, 0.0], [57478.71, 0.00031], [35925.0, 0.0], [35924.19, 0.00033]], "_doc": "2333ef10-8b68-474b-b1cd-42baa1fd4fa8"}, {"timestamp": "2024-04-08 22:28:42", "receive_time": 1712611722.124, "asks": [[71848.39, 9.39429], [71848.54, 0.4396], [71848.59, 0.0], [71848.67, 0.0], [71848.68, 0.00024], [71848.69, 0.17619], [71849.62, 0.0], [71849.7, 0.0], [71849.73, 0.00139], [71849.89, 0.2], [71849.98, 0.0], [71850.0, 0.0729], [71850.01, 3.35881], [71850.77, 0.04164], [71851.3, 0.0], [71851.88, 0.04164], [71853.19, 0.0014], [71853.78, 0.1803], [71854.0, 0.86977], [71856.6, 0.0], [71859.46, 0.05567], [71860.97, 0.76513], [71861.4, 0.51996], [71866.44, 0.27732], [71867.56, 0.0], [71867.57, 0.0], [71868.27, 0.2772], [71869.23, 0.57384], [71872.0, 0.0], [71875.27, 0.00045], [71875.83, 0.54768], [71876.57, 0.0027], [71879.9, 0.0], [71882.81, 0.36083], [71887.23, 0.0024], [71889.26, 0.0], [71890.97, 0.0], [71891.0, 0.34778], [71891.16, 0.0], [71891.49, 0.09071], [71892.49, 9.80235], [71892.5, 0.0], [71892.51, 0.0], [71893.12, 0.0], [71899.13, 0.0]], "bids": [[71850.0, 0.0], [71849.97, 0.0], [71849.61, 0.0], [71848.68, 0.0], [71848.38, 0.41172], [71848.01, 0.0], [71848.0, 0.0], [71847.99, 0.0], [71847.01, 0.01182], [71846.97, 0.0], [71846.55, 0.00133], [71846.02, 0.00348], [71846.01, 0.0], [71845.56, 0.0], [71845.35, 0.0], [71844.75, 0.48014], [71844.69, 0.0], [71844.61, 0.0], [71842.43, 0.0], [71842.42, 0.0], [71842.34, 0.0], [71841.84, 0.0], [71841.82, 0.0], [71840.26, 0.0], [71838.66, 0.27841], [71838.42, 0.0], [71838.0, 0.0], [71837.99, 0.4726], [71837.61, 0.12526], [71836.65, 0.0], [71836.14, 0.05569], [71834.17, 0.00045], [71831.06, 0.0], [71830.6, 0.04249], [71830.1, 0.0], [71828.0, 0.0], [71827.62, 0.00139], [71824.62, 0.00557], [71823.19, 0.0], [71823.12, 0.0], [71819.79, 0.0027], [71818.66, 0.0], [71816.3, 0.0], [71814.91, 0.00309], [71814.86, 0.00063], [71811.7, 0.0], [71808.84, 0.0], [71808.79, 0.0], [71806.15, 0.035], [71805.94, 0.0], [71805.82, 0.27854], [71805.0, 0.035], [71797.68, 0.00063], [71781.41, 0.0], [71777.55, 0.0], [71777.45, 0.0], [71777.44, 0.0], [71777.34, 0.0], [71777.33, 0.0], [71777.19, 0.0], [71777.18, 0.0], [71777.08, 0.0], [71777.07, 0.0], [71777.06, 0.0], [71777.05, 0.0], [71728.8, 0.27884], [71705.6, 0.0], [71702.68, 0.18009], [71700.47, 0.01039], [71131.5, 0.00113], [69500.5, 0.00046], [64665.0, 17.257], [57480.0, 0.05017], [57478.71, 0.00031], [35925.0, 0.00033]], "_doc": "84010881-ec0f-4c2b-ade7-0ae6258fa432"}, {"timestamp": "2024-04-08 22:28:41", "receive_time": 1712611721.124, "asks": [[71850.01, 10.32554], [71854.01, 2.68782], [71855.19, 0.04208], [71875.83, 0.51996], [71879.89, 0.0], [71880.96, 0.0], [71881.66, 0.04], [71881.73, 0.0], [71882.82, 0.60126], [71882.83, 0.0], [71892.51, 9.62358], [71893.12, 0.0], [71985.9, 0.0], [71986.8, 0.6], [72035.35, 0.6996], [72062.1, 0.0], [72512.09, 0.00279], [72512.13, 0.0], [72533.0, 0.02659], [72533.04, 0.0], [73025.78, 0.00139]], "bids": [[71850.0, 1.37711], [71849.23, 0.0], [71848.68, 0.13918], [71848.59, 0.0], [71846.3, 0.0], [71845.35, 0.13919], [71844.71, 0.0], [71831.99, 0.0], [71828.1, 0.00028], [71826.41, 0.00139], [71823.19, 0.00132], [71820.36, 0.0], [71777.48, 0.00845], [71669.62, 0.0], [71669.58, 0.00348], [71655.8, 0.0], [71655.0, 0.2], [71632.17, 0.0], [71632.12, 0.00279], [71131.5, 0.00113], [57480.0, 0.05029], [35925.0, 0.00033]], "_doc": "afd148d9-66f3-47b8-b315-5891a7fa5fc2"}, {"timestamp": "2024-04-08 22:28:40", "receive_time": 1712611720.124, "asks": [[71850.01, 10.71646], [71853.86, 0.0], [71853.88, 1.79926], [71854.01, 2.99873], [71856.98, 0.4869], [71860.87, 0.0], [71875.66, 0.04095], [71876.27, 0.0], [71888.07, 0.25041], [71890.84, 0.0], [71891.16, 0.0], [71891.17, 0.49062], [71892.51, 9.62358], [71892.52, 0.0], [71897.23, 0.0448], [71897.84, 0.0], [71996.07, 0.0], [73033.08, 0.0], [73040.1, 0.0], [73040.11, 0.00034], [73040.38, 0.00139]], "bids": [[71850.0, 1.37764], [71846.57, 0.0], [71844.61, 0.0], [71841.34, 0.041], [71826.41, 0.0], [71823.05, 0.0], [71819.78, 0.04577], [71818.67, 0.26624], [71808.86, 0.0], [71804.93, 0.04], [71781.78, 0.0], [71709.85, 0.0], [71131.5, 0.00113], [64665.0, 17.257], [57480.0, 0.05029], [35925.0, 0.00033], [25866.0, 0.00048]], "_doc": "dedbead8-32cb-4c2c-8380-622fa5295e50"}, {"timestamp": "2024-04-08 22:28:39", "receive_time": 1712611719.124, "asks": [[71850.01, 10.68538], [71854.76, 0.0], [71855.03, 0.00195], [71863.78, 0.0], [71879.89, 0.36076], [71881.73, 0.04], [71890.83, 0.0], [71890.96, 0.0], [71891.75, 0.0], [71892.52, 9.51279], [71892.53, 0.0], [71892.54, 0.0], [71892.55, 0.0], [71892.78, 0.0], [71893.12, 0.0], [71985.9, 0.6], [71986.7, 0.0], [72084.31, 0.0], [73033.08, 0.00139]], "bids": [[71850.0, 1.40686], [71848.32, 0.00195], [71846.08, 0.0], [71845.38, 0.0], [71841.84, 0.00139], [71826.41, 0.00139], [71777.55, 0.00845], [71709.01, 0.0], [71705.6, 0.01039], [71655.8, 0.2], [71655.0, 0.0], [71131.5, 0.00113], [66105.68, 0.0], [57480.0, 0.05029], [42000.0, 47.38318], [35925.0, 0.00033]], "_doc": "4a693e76-4ccf-4b4f-b306-b3ddadcfbf6e"}, {"timestamp": "2024-04-08 22:28:38", "receive_time": 1712611718.124, "asks": [[71850.01, 10.72332], [71853.86, 0.70392], [71853.88, 0.0], [71853.97, 0.27835], [71854.0, 0.86595], [71854.01, 1.17313], [71854.76, 0.04222], [71858.38, 0.0], [71861.4, 0.10399], [71873.01, 0.45522], [71878.3, 0.4175], [71878.8, 0.83475], [71879.0, 9e-05], [71879.86, 0.0], [71888.84, 0.05345], [71891.75, 0.0], [71892.55, 9.2922], [71898.23, 0.00139], [71899.83, 0.0], [71938.82, 0.0], [71939.47, 0.00139], [71969.98, 0.00149], [72011.45, 0.00139], [72035.35, 0.0], [73025.48, 0.00105], [73040.1, 0.00139]], "bids": [[71850.0, 0.7316], [71849.27, 0.0], [71848.59, 0.13918], [71848.36, 0.0], [71848.01, 0.10945], [71847.99, 0.26736], [71846.68, 0.0], [71846.64, 0.0], [71846.02, 0.12872], [71845.39, 0.0], [71845.38, 0.00279], [71844.71, 0.13919], [71844.52, 0.0], [71838.0, 0.03018], [71836.81, 0.0], [71836.69, 0.0], [71836.67, 0.0], [71836.65, 0.05569], [71826.41, 0.0], [71801.01, 0.0], [71800.01, 0.00139], [71781.82, 0.0], [71768.41, 0.00139], [71728.25, 0.0], [71728.14, 0.00139], [71696.95, 0.00139], [71131.5, 0.00113], [66105.68, 0.00016], [64665.0, 17.257], [57480.0, 0.05029], [35925.0, 0.00033]], "_doc": "5ae5bfda-3faf-4d78-bfe7-65a5c2f6f3f1"}, {"timestamp": "2024-04-08 22:28:37", "receive_time": 1712611717.124, "asks": [[71850.01, 9.609], [71854.0, 0.86247], [71854.01, 2.00781], [71858.0, 0.0729], [71861.4, 0.51996], [71863.7, 0.00696], [71867.56, 0.08199], [71874.75, 0.12003], [71875.44, 0.0], [71882.07, 0.0], [71884.55, 0.025], [71886.37, 0.0], [71886.94, 0.0], [71891.16, 0.0], [71891.2, 5.58507], [71891.75, 9.2922], [71892.03, 0.0], [71892.04, 0.0], [71892.54, 0.0], [71892.55, 0.0], [71893.13, 0.20112], [71898.23, 0.00139], [71899.83, 0.05544], [71903.89, 0.02], [71938.82, 0.00139], [71950.76, 0.014], [71955.66, 0.0], [71969.98, 0.00149], [71986.7, 0.6], [71994.0, 0.0], [72011.45, 0.00139], [72100.0, 90.85917], [72106.7, 0.00031], [73025.48, 0.00244], [74000.0, 137.429647]], "bids": [[71850.0, 0.5325], [71849.14, 0.0], [71848.92, 0.0], [71848.36, 0.13918], [71848.25, 0.0], [71848.09, 0.01002], [71848.01, 0.13963], [71846.68, 0.23271], [71846.01, 0.21843], [71845.89, 0.0], [71845.83, 0.0], [71844.75, 0.0], [71844.69, 0.27839], [71844.62, 0.0], [71844.52, 0.13919], [71844.4, 0.10007], [71843.84, 0.23751], [71840.65, 0.00019], [71840.26, 0.00139], [71839.0, 0.0], [71838.43, 0.0], [71838.0, 0.0], [71837.24, 0.0], [71837.22, 0.0], [71837.11, 0.0], [71837.06, 0.0], [71836.85, 0.0], [71836.83, 0.0], [71836.81, 0.05569], [71826.41, 0.00139], [71820.36, 0.00132], [71802.88, 0.1948], [71801.01, 0.00139], [71799.52, 0.025], [71795.36, 0.0], [71781.83, 0.0], [71777.54, 0.00845], [71768.41, 0.00139], [71728.25, 0.00139], [71696.95, 0.00139], [71658.9, 0.0], [71655.0, 0.2], [71389.22, 0.00014], [71131.5, 0.00113], [70000.0, 74.30552], [68000.0, 80.07237], [66000.0, 82.60164], [64000.0, 84.07125], [57480.0, 0.05029], [35925.0, 0.00033]], "_doc": "11a93af2-17d4-4ee5-9876-d956981cdfd7"}, {"timestamp": "2024-04-08 22:28:36", "receive_time": 1712611716.124, "asks": [[71850.01, 8.56779], [71851.3, 0.01124], [71852.75, 0.08324], [71853.97, 0.31999], [71853.99, 0.0], [71854.0, 0.85245], [71854.01, 2.61148], [71854.53, 0.27835], [71856.0, 0.11454], [71856.78, 0.0], [71856.96, 0.0], [71861.4, 0.10399], [71862.65, 0.00013], [71863.78, 0.05571], [71864.57, 0.00696], [71867.27, 0.0], [71867.28, 0.0], [71868.77, 0.10325], [71869.55, 0.1948], [71871.61, 0.00028], [71872.02, 0.0], [71873.35, 0.0], [71873.93, 0.06959], [71876.45, 0.0], [71876.74, 0.0], [71877.53, 0.0], [71880.96, 0.60127], [71881.73, 0.04], [71881.8, 0.0], [71882.29, 0.00598], [71886.38, 0.0], [71892.04, 9.30831], [71892.05, 0.0], [71892.55, 0.0], [71892.62, 0.03486], [71892.66, 0.0], [71892.78, 0.0], [71893.12, 0.0], [71893.13, 0.20112], [71893.54, 0.0], [71893.55, 0.0], [71893.99, 0.0], [71894.0, 0.04164], [71894.56, 0.0], [71896.98, 0.00242], [71898.23, 0.0], [71899.83, 0.89012], [71902.28, 0.27816], [71910.26, 0.0], [71924.1, 0.0], [71926.41, 0.01391], [71938.56, 0.0], [71945.36, 0.27814], [71953.11, 0.00031], [71967.69, 0.27963], [71969.98, 0.0001], [71999.0, 0.47802], [72011.45, 0.0], [72698.23, 0.0], [72699.71, 0.00711], [73018.2, 0.00042], [73040.11, 0.00173]], "bids": [[71850.0, 0.7325], [71849.17, 0.0], [71849.04, 0.0], [71848.96, 0.0], [71848.92, 0.13918], [71848.38, 0.00877], [71848.25, 0.08698], [71848.24, 0.0], [71847.8, 0.0], [71847.66, 0.0], [71846.88, 0.0], [71846.65, 0.0], [71846.64, 0.0], [71846.03, 0.0], [71845.09, 0.0], [71844.75, 0.2256], [71844.74, 0.16511], [71844.62, 0.2], [71844.58, 0.36403], [71844.5, 0.0], [71841.05, 0.0], [71840.99, 0.00037], [71839.08, 0.001], [71839.0, 0.36081], [71838.99, 0.0], [71838.98, 0.0], [71838.58, 0.0], [71838.55, 0.0], [71838.39, 0.0], [71838.34, 0.0], [71838.08, 0.0], [71837.8, 0.0], [71837.24, 0.05569], [71835.66, 0.60127], [71835.65, 0.0], [71833.6, 0.0], [71833.21, 0.00013], [71832.76, 0.0], [71831.12, 0.0], [71830.69, 0.06617], [71828.0, 0.0027], [71822.19, 0.12004], [71820.47, 0.0], [71812.04, 0.00139], [71810.61, 0.0], [71807.01, 0.0], [71806.91, 0.20149], [71804.83, 0.00242], [71801.01, 0.0], [71800.0, 0.076], [71795.36, 0.24589], [71768.41, 0.0], [71728.25, 0.0], [71726.25, 0.16979], [71726.24, 0.28299], [71724.71, 0.0], [71710.35, 0.0], [71709.01, 0.01039], [71696.95, 0.0], [71326.01, 0.02834], [71303.51, 0.0], [71131.5, 0.00113], [69913.95, 0.0], [64665.0, 17.257], [62710.45, 0.00704], [60497.14, 0.00303], [58283.83, 0.00273], [57480.0, 0.05029], [35925.0, 0.00033], [25866.0, 0.00024]], "_doc": "3e83f945-e443-4df3-8fc9-0d201654c887"}, {"timestamp": "2024-04-08 22:28:35", "receive_time": 1712611715.124, "asks": [[71850.01, 7.6959], [71850.34, 0.0], [71854.0, 0.84368], [71854.01, 3.21394], [71856.81, 0.0], [71861.0, 0.1], [71865.71, 0.0], [71890.25, 0.0], [71892.04, 5.48229], [71892.78, 9.2676], [71893.12, 0.0], [71893.13, 0.0], [71990.5, 0.0], [71994.0, 0.583], [72035.35, 0.65569]], "bids": [[71850.0, 2.38816], [71848.96, 0.26329], [71847.38, 0.0], [71847.29, 0.0], [71838.99, 0.0], [71838.08, 0.2455], [71835.65, 0.60125], [71806.91, 0.0], [71805.63, 0.0], [71778.05, 0.0], [71778.04, 0.0], [71777.98, 0.0], [71777.97, 0.0], [71777.9, 0.0], [71777.89, 0.0], [71777.45, 0.02], [71777.44, 0.02], [71777.14, 0.0], [71663.6, 0.0], [71658.9, 0.2], [71131.5, 0.00113], [71000.0, 31.77239], [68000.0, 80.07218], [57480.0, 0.05029], [35925.0, 0.00033]], "_doc": "1a5500ec-8495-47a0-847f-0e9317b764a6"}, {"timestamp": "2024-04-08 22:28:34", "receive_time": 1712611714.124, "asks": [[71850.01, 7.71346], [71850.34, 0.27837], [71854.0, 0.66368], [71854.01, 3.86852], [71854.5, 0.0], [71854.73, 0.0], [71855.95, 0.0], [71861.12, 0.00041], [71871.44, 0.13653], [71874.18, 0.77565], [71879.54, 0.0], [71881.8, 0.04], [71886.94, 0.24344], [71890.25, 0.34439], [71891.39, 0.0], [71892.04, 9.03377], [71914.99, 0.0], [71957.91, 0.0]], "bids": [[71850.0, 2.38805], [71847.94, 0.0], [71847.8, 0.13919], [71847.66, 0.27838], [71847.29, 0.24474], [71846.65, 0.09609], [71846.55, 0.0], [71846.54, 0.0], [71845.77, 0.0], [71838.68, 0.00139], [71838.61, 0.0], [71838.58, 0.05569], [71838.53, 0.0], [71838.52, 0.0], [71838.48, 0.0], [71838.44, 0.0], [71830.23, 0.0], [71829.2, 0.00139], [71826.56, 0.09492], [71820.47, 0.00132], [71796.7, 0.0], [71778.26, 0.0], [71778.25, 0.0], [71778.05, 0.02], [71778.04, 0.02], [71722.6, 0.0], [71714.29, 0.0], [71710.35, 0.01039], [71131.5, 0.00113], [64665.0, 17.257], [57480.0, 0.05029], [35925.0, 0.00033]], "_doc": "c803844f-278e-4cda-90c1-5fa3c57f9e38"}, {"timestamp": "2024-04-08 22:28:33", "receive_time": 1712611713.124, "asks": [[71850.01, 7.21126], [71850.73, 0.11], [71851.31, 0.00139], [71852.0, 0.0729], [71852.25, 0.0], [71852.3, 0.0], [71852.39, 0.0], [71852.4, 0.0], [71852.68, 0.0], [71852.76, 0.13653], [71852.89, 0.00139], [71853.04, 0.0], [71853.18, 0.0], [71853.39, 0.0], [71853.4, 0.0], [71853.42, 0.0], [71853.44, 0.0], [71853.45, 0.0], [71853.46, 0.0], [71853.47, 0.0], [71853.5, 0.13653], [71853.52, 0.0], [71853.59, 0.0], [71853.61, 0.0], [71853.66, 0.0], [71853.67, 0.0], [71853.7, 0.13866], [71853.74, 0.0], [71853.78, 0.13866], [71853.79, 0.13866], [71853.8, 0.13866], [71853.87, 0.13866], [71853.88, 1.30711], [71853.89, 0.2], [71853.93, 0.13866], [71853.97, 0.27835], [71853.99, 0.00024], [71854.0, 0.21156], [71854.01, 3.86906], [71854.16, 0.0], [71854.18, 0.0], [71855.95, 0.0409], [71856.59, 0.0], [71856.6, 0.0014], [71856.78, 0.04164], [71857.6, 0.86082], [71857.68, 1.53026], [71858.14, 0.45212], [71860.0, 0.07346], [71860.01, 0.0], [71860.26, 0.0], [71860.33, 0.04164], [71864.0, 0.07302], [71864.37, 0.15309], [71866.44, 0.0], [71870.04, 0.0], [71871.23, 0.09668], [71874.0, 0.0], [71874.82, 0.27827], [71875.83, 0.54768], [71876.0, 0.0], [71881.44, 0.13653], [71883.86, 0.34778], [71884.37, 0.00288], [71888.39, 0.0], [71890.25, 5.27078], [71890.6, 0.04164], [71890.84, 0.4869], [71891.0, 0.34778], [71891.39, 9.03377], [71891.41, 0.0], [71892.42, 0.0], [71892.66, 0.0], [71893.6, 0.0], [71893.99, 0.0], [71894.0, 0.87632], [71894.54, 0.0], [71896.0, 7e-05], [71898.23, 0.00139], [71902.13, 0.0], [71915.53, 0.00136], [71919.99, 0.0], [71920.08, 0.00019], [71930.97, 0.00288], [71933.15, 0.24587], [71935.29, 0.0], [71938.56, 0.00139], [71938.57, 0.0], [71942.61, 0.0], [71969.98, 0.00149], [71974.12, 0.0], [71987.74, 0.00136], [71990.5, 0.6], [71991.23, 0.0], [71993.0, 0.0], [72011.45, 0.00139], [72014.99, 0.0]], "bids": [[71854.0, 0.0], [71853.38, 0.0], [71853.17, 0.0], [71853.03, 0.0], [71852.0, 0.0], [71851.68, 0.0], [71851.2, 0.0], [71851.19, 0.0], [71851.04, 0.0], [71850.01, 0.0], [71850.0, 1.66796], [71849.97, 0.00133], [71849.9, 0.0], [71849.69, 0.0], [71849.15, 0.0], [71848.92, 0.0], [71848.88, 0.0], [71848.83, 0.0], [71848.25, 0.0], [71848.16, 0.0], [71848.0, 0.0729], [71846.65, 0.09603], [71846.4, 0.0], [71846.26, 0.0], [71846.0, 0.0729], [71845.73, 0.0], [71845.63, 0.0], [71845.0, 0.0], [71844.65, 0.0], [71844.61, 0.04155], [71843.88, 0.0], [71843.42, 0.0], [71841.84, 0.0], [71841.82, 0.2784], [71841.32, 0.0], [71841.31, 0.0], [71841.13, 0.0], [71840.26, 0.0], [71840.14, 0.0], [71839.08, 0.36181], [71839.07, 0.0], [71838.99, 0.60124], [71838.92, 0.0], [71838.74, 0.0], [71838.68, 0.0], [71838.61, 0.05569], [71837.99, 0.45212], [71837.92, 0.0], [71835.64, 0.15309], [71834.27, 0.0], [71834.26, 0.0], [71832.76, 0.0027], [71832.39, 0.27844], [71824.74, 0.27846], [71824.14, 0.0], [71823.05, 0.0451], [71820.47, 0.0], [71818.23, 0.0], [71817.68, 0.4175], [71816.3, 0.00309], [71805.63, 0.2351], [71804.48, 0.0], [71802.1, 0.0], [71801.01, 0.00139], [71793.04, 0.02087], [71788.55, 0.00015], [71781.52, 0.0], [71781.51, 0.0], [71779.76, 0.0], [71779.75, 0.0], [71779.48, 0.0], [71779.47, 0.0], [71778.56, 0.0], [71778.55, 0.0], [71778.42, 0.0], [71778.41, 0.0], [71778.31, 0.0], [71778.3, 0.0], [71778.26, 0.02], [71778.25, 0.02], [71777.14, 0.0807], [71772.57, 0.0], [71772.56, 0.0], [71769.38, 0.00309], [71768.41, 0.00139], [71761.76, 0.0], [71758.51, 0.00211], [71732.85, 0.0], [71728.25, 0.00139], [71700.47, 0.0], [71696.95, 0.00139], [71690.52, 0.0], [71683.73, 0.00211], [71663.6, 0.2], [71663.4, 0.0], [71494.85, 0.0], [71490.75, 0.02893], [71135.46, 0.0], [71131.5, 0.00113], [66105.68, 0.0], [57483.2, 0.00173], [57480.0, 0.05029], [35927.0, 0.0], [35925.0, 0.00033], [25867.44, 0.0012]], "_doc": "8cfe3156-10a1-4a79-a12c-97a04eaa959c"}, {"timestamp": "2024-04-08 22:28:32", "receive_time": 1712611712.124, "asks": [[71854.01, 9.16961], [71878.01, 0.13653], [71881.8, 0.04], [71890.12, 0.0], [71893.6, 5.37754], [71894.54, 8.96257], [71894.55, 0.0], [71895.99, 0.0], [71914.99, 0.23716], [72000.03, 0.00093], [72035.35, 0.0]], "bids": [[71854.0, 0.33703], [71853.03, 0.13918], [71852.98, 0.0], [71852.97, 0.0], [71852.29, 0.0], [71849.49, 0.0], [71849.24, 0.0], [71849.15, 0.74965], [71848.83, 0.13918], [71848.16, 0.00279], [71841.13, 0.24365], [71840.15, 0.26368], [71812.09, 0.0], [71781.54, 0.0], [71781.53, 0.0], [71781.52, 0.02], [71781.51, 0.02], [71135.46, 0.0], [64668.0, 0.00054], [57483.2, 0.00185], [35927.0, 0.00033], [25843.75, 0.0], [25842.23, 0.0], [25840.2, 0.0], [25839.37, 0.00024], [25837.16, 0.00048]], "_doc": "749fba3b-b230-4345-a12f-f5880f33895f"}, {"timestamp": "2024-04-08 22:28:31", "receive_time": 1712611711.124, "asks": [[71854.01, 8.5176], [71854.47, 0.00139], [71854.72, 0.0], [71881.8, 0.04], [71881.87, 0.00414], [71893.6, 0.0], [71894.55, 8.91289], [71895.97, 0.0], [71895.98, 0.0], [71895.99, 0.0], [71993.0, 0.6], [71994.9, 0.0]], "bids": [[71854.0, 0.53544], [71852.98, 0.12842], [71852.33, 0.0], [71849.31, 0.0], [71848.92, 0.2456], [71848.16, 0.0], [71847.87, 0.0], [71846.58, 0.0], [71842.7, 0.0], [71841.52, 0.0], [71841.32, 0.60123], [71840.15, 0.27143], [71838.92, 0.34746], [71837.99, 0.45482], [71837.94, 0.0], [71663.6, 0.0], [71663.4, 0.2], [71135.46, 0.0], [62400.0, 2.7878], [57483.2, 0.00185], [35927.0, 0.00033]], "_doc": "ae5c0d4c-3371-4bee-b788-680027b62182"}, {"timestamp": "2024-04-08 22:28:30", "receive_time": 1712611710.124, "asks": [[71854.01, 7.65707], [71854.47, 0.0], [71854.72, 0.01149], [71855.81, 0.0], [71861.4, 0.10399], [71861.99, 0.00089], [71870.88, 0.0], [71876.27, 0.04128], [71879.54, 0.76666], [71881.87, 0.04414], [71881.94, 0.0], [71882.05, 0.0], [71893.6, 0.91889], [71894.54, 0.0], [71894.55, 0.0], [71895.99, 8.91472], [71896.98, 0.0], [71897.84, 0.045], [72499.0, 0.18468]], "bids": [[71854.0, 0.49005], [71853.6, 0.0], [71852.97, 0.13918], [71852.95, 0.0], [71852.33, 0.08176], [71850.8, 0.0], [71850.01, 0.00348], [71849.69, 0.00015], [71849.49, 0.13918], [71849.15, 0.23858], [71848.9, 0.0], [71848.16, 0.00139], [71847.87, 0.26148], [71844.61, 0.0], [71841.05, 0.05571], [71840.67, 0.0], [71840.14, 0.05569], [71838.5, 0.0], [71838.42, 0.02097], [71837.94, 0.60125], [71834.27, 0.0], [71831.13, 0.0], [71831.06, 0.04139], [71823.05, 0.0], [71812.09, 0.23895], [71804.47, 0.0], [71135.46, 0.0], [64668.0, 0.00054], [57483.2, 0.00185], [35927.0, 0.00033]], "_doc": "6697af9f-6d46-45c1-adf8-02df4757605b"}, {"timestamp": "2024-04-08 22:28:29", "receive_time": 1712611709.124, "asks": [[71854.01, 7.65915], [71854.49, 0.0], [71875.83, 0.51996], [71879.57, 0.0], [71879.86, 0.4175], [71881.94, 0.04], [71893.99, 0.0], [71894.55, 8.91472], [71895.97, 0.0], [71895.98, 0.0], [71895.99, 0.0], [71920.87, 0.00198], [71978.39, 0.00396], [71994.1, 0.0], [71994.9, 0.547], [72035.35, 0.65569]], "bids": [[71854.0, 0.16603], [71853.49, 0.0], [71852.95, 0.13918], [71852.33, 0.02923], [71852.32, 0.0], [71850.79, 0.0], [71850.01, 0.25788], [71850.0, 0.21263], [71849.9, 0.16319], [71849.69, 0.28482], [71848.9, 0.13918], [71848.24, 0.39764], [71848.16, 0.0], [71846.82, 0.0], [71844.23, 0.0], [71840.04, 0.0], [71840.02, 0.0], [71839.5, 0.45227], [71837.93, 0.0], [71834.27, 0.60125], [71832.66, 0.0], [71831.59, 0.0], [71784.5, 0.00198], [71727.04, 0.00396], [71135.46, 0.0], [67500.0, 23.33879], [57483.2, 0.00185], [35927.0, 0.00033]], "_doc": "febb7586-4336-404a-85c3-a3e9b43eca94"}, {"timestamp": "2024-04-08 22:28:28", "receive_time": 1712611708.124, "asks": [[71854.01, 8.38235], [71854.46, 0.0], [71854.49, 0.01297], [71858.37, 0.0], [71876.27, 0.04101], [71881.94, 0.04], [71882.08, 0.0], [71890.12, 0.23987], [71894.55, 0.0], [71895.99, 9.01509], [71897.84, 0.04583], [71920.77, 0.0], [71978.29, 0.0]], "bids": [[71854.0, 1.40212], [71853.49, 0.13917], [71852.95, 0.0], [71850.0, 0.21542], [71849.69, 0.424], [71849.11, 0.0], [71846.58, 0.00139], [71844.61, 0.04128], [71823.05, 0.04608], [71786.09, 0.0], [71728.64, 0.0], [71135.46, 0.0], [66105.68, 0.0], [64668.6, 0.00032], [64668.0, 0.00054], [57483.2, 0.00185], [35927.0, 0.00033]], "_doc": "41bc7b4b-1cfa-4619-99bc-f2fbb88755ba"}, {"timestamp": "2024-04-08 22:28:27", "receive_time": 1712611707.124, "asks": [[71854.01, 8.40143], [71876.38, 0.0], [71893.6, 0.0], [71894.52, 0.0], [71894.55, 9.04167], [71895.97, 0.0], [71895.98, 0.0], [71895.99, 0.0], [71897.95, 0.0], [71994.1, 0.524], [71995.2, 0.0], [72106.7, 0.00031], [72512.13, 0.00279], [72516.78, 0.0], [72533.04, 0.00348], [72538.55, 0.0]], "bids": [[71854.0, 1.40227], [71850.21, 0.0], [71849.69, 0.28482], [71844.64, 0.0], [71840.84, 0.0], [71840.67, 0.05569], [71838.98, 0.07019], [71828.08, 0.0], [71823.08, 0.0], [71781.88, 0.0], [71781.87, 0.0], [71781.86, 0.0], [71781.54, 0.02], [71781.53, 0.02], [71716.36, 0.0], [71714.29, 0.01039], [71669.62, 0.00348], [71669.38, 0.0], [71632.21, 0.0], [71632.17, 0.00279], [71389.22, 0.00014], [71135.46, 0.0], [66105.68, 0.00016], [64668.6, 0.00061], [57483.2, 0.00185], [35927.0, 0.00033], [25867.44, 0.00096]], "_doc": "d0af14c8-48dc-463d-88d2-0e915dac2352"}, {"timestamp": "2024-04-08 22:28:26", "receive_time": 1712611706.123, "asks": [[71854.01, 8.37861], [71854.17, 0.0], [71854.46, 0.01273], [71858.37, 0.00089], [71861.99, 0.0], [71882.08, 0.04], [71882.22, 0.0], [71894.53, 0.0], [71894.54, 0.0], [71894.55, 0.0], [71895.99, 0.0], [71899.56, 0.0], [71900.0, 1.28096], [71938.57, 0.23485], [71949.32, 0.0], [72035.35, 0.0], [73925.0, 0.05095]], "bids": [[71854.0, 1.40147], [71853.15, 0.0], [71849.74, 0.0], [71849.46, 0.0], [71846.58, 0.0], [71845.48, 0.0], [71837.99, 0.0027], [71781.89, 0.0], [71781.87, 0.02], [71772.49, 0.0], [71500.0, 3.89509], [71391.48, 0.30994], [71135.46, 0.0], [64668.0, 0.00054], [62710.45, 0.00704], [60497.14, 0.00303], [58283.83, 0.00273], [57483.2, 0.00185], [35927.0, 0.00033]], "_doc": "fd47cab5-cba2-47c6-a7d3-d927a5c74859"}, {"timestamp": "2024-04-08 22:28:25", "receive_time": 1712611705.123, "asks": [[71854.01, 7.65158], [71854.15, 0.0], [71854.17, 0.01171], [71868.77, 0.05571], [71893.6, 5.49965], [71894.55, 9.16607], [71895.86, 0.0], [71895.87, 0.0], [71898.94, 0.02183], [71995.0, 1.00215], [71995.2, 0.526]], "bids": [[71854.0, 1.40091], [71852.95, 0.13918], [71851.47, 0.0], [71849.74, 0.00279], [71849.11, 0.13918], [71781.9, 0.0], [71781.88, 0.02], [71665.0, 0.0], [71663.6, 0.2], [71135.46, 0.0], [70500.0, 16.61544], [57483.2, 0.00185], [35927.0, 0.00033]], "_doc": "422b2d4f-2aa5-42c5-8c1e-0133b6bb7e16"}, {"timestamp": "2024-04-08 22:28:24", "receive_time": 1712611704.123, "asks": [[71854.01, 7.66613], [71870.0, 0.07431], [71872.6, 0.0], [71879.57, 0.4175], [71880.22, 0.0], [71895.86, 9.25658], [71895.87, 0.51996], [71895.88, 0.0], [71895.89, 0.0], [71896.0, 0.83475], [71897.69, 0.0]], "bids": [[71854.0, 1.83423], [71853.71, 0.0], [71852.87, 0.0], [71852.33, 0.31886], [71851.36, 0.0], [71849.84, 0.0], [71849.07, 0.0], [71845.73, 0.00037], [71845.63, 0.00019], [71837.68, 0.0], [71817.0, 0.0], [71809.45, 0.05909], [71782.18, 0.0], [71782.17, 0.0], [71782.16, 0.0], [71782.15, 0.0], [71782.13, 0.0], [71782.12, 0.0], [71782.11, 0.0], [71782.1, 0.0], [71782.09, 0.0], [71782.08, 0.0], [71782.07, 0.0], [71782.06, 0.0], [71781.9, 0.02], [71781.89, 0.02], [71780.85, 0.0], [71780.84, 0.0], [71347.01, 0.01242], [71135.46, 0.0], [69967.5, 0.00036], [69679.91, 0.00036], [64668.0, 0.00054], [57483.2, 0.00185], [42000.0, 47.38318], [35927.0, 0.00033]], "_doc": "eafd23d7-dc97-4cb6-856b-b09af0ac6708"}, {"timestamp": "2024-04-08 22:28:23", "receive_time": 1712611703.123, "asks": [[71854.01, 7.70641], [71895.89, 9.34087], [71895.9, 0.0], [71895.91, 0.0], [71895.92, 0.0], [71896.97, 0.0], [71900.0, 1.28085], [71995.0, 1.60215], [71995.5, 0.0], [72035.35, 0.65569], [72516.78, 0.00279], [72517.31, 0.0], [72538.55, 0.00348], [72540.0, 0.00687]], "bids": [[71854.0, 2.09982], [71853.43, 0.0], [71852.87, 0.13918], [71851.89, 0.0], [71845.39, 0.0], [71671.41, 0.0], [71669.38, 0.00348], [71665.0, 0.2], [71664.8, 0.0], [71634.24, 0.0], [71632.21, 0.00279], [71135.46, 0.0], [71117.86, 0.00045], [70830.27, 0.00036], [70542.68, 0.00036], [70255.09, 0.00036], [57483.2, 0.00185], [35927.0, 0.00033]], "_doc": "182e0ff9-1904-4204-ab3e-d38180a36d45"}, {"timestamp": "2024-04-08 22:28:22", "receive_time": 1712611702.123, "asks": [[71854.01, 8.33357], [71861.99, 0.00089], [71894.55, 0.0], [71895.92, 15.04468], [71895.93, 0.0], [71896.49, 0.0], [71897.47, 0.0], [71907.9, 0.01], [71917.42, 0.0], [71941.43, 0.0], [71955.44, 0.00082], [72000.0, 9.86399], [72268.23, 0.00036], [72555.82, 0.00036], [72600.0, 6.91967]], "bids": [[71854.0, 2.11602], [71851.27, 0.0], [71845.76, 0.0], [71693.05, 0.00036], [71405.45, 0.00046], [71135.46, 0.0], [67701.0, 0.00387], [66105.68, 0.0], [64668.0, 0.00054], [57483.2, 0.00185], [35927.0, 0.00033]], "_doc": "17f1ed07-3423-46f0-ba5c-24740602a3bc"}, {"timestamp": "2024-04-08 22:28:21", "receive_time": 1712611701.123, "asks": [[71854.01, 8.33409], [71854.73, 0.11], [71890.01, 0.0], [71892.05, 0.025], [71895.93, 9.50624], [71895.94, 0.0], [71895.95, 0.0], [71907.9, 0.0], [71990.8, 0.0], [71995.5, 0.578], [72843.41, 0.00036], [73131.0, 0.12268], [73418.6, 0.00036], [73706.19, 0.00036]], "bids": [[71854.0, 2.15424], [71853.43, 0.13917], [71853.15, 0.28136], [71852.65, 0.0], [71852.25, 0.0], [71851.58, 0.0], [71849.07, 0.13918], [71848.29, 0.0], [71845.77, 0.0], [71845.72, 0.0], [71840.01, 0.0], [71838.92, 0.33989], [71837.93, 0.60123], [71807.01, 0.025], [71804.97, 0.0], [71664.8, 0.2], [71654.9, 0.0], [71135.46, 0.0], [69600.0, 3.22629], [57483.2, 0.00185], [56678.0, 0.02846], [35927.0, 0.00033]], "_doc": "5053bf85-733b-4b2a-a478-86509c9b42ac"}, {"timestamp": "2024-04-08 22:28:20", "receive_time": 1712611700.123, "asks": [[71854.01, 8.33398], [71880.97, 0.05766], [71894.55, 0.0], [71895.95, 9.59231], [71895.96, 0.0], [71895.97, 0.0], [71895.98, 0.0], [71895.99, 0.0], [73063.95, 0.0], [73077.65, 0.0], [73102.42, 0.0], [73106.73, 0.0], [73993.78, 0.00036], [74281.37, 0.00036], [74568.96, 0.00072], [74856.55, 0.00036]], "bids": [[71854.0, 2.14214], [71853.3, 0.0], [71852.65, 0.13918], [71852.33, 0.02923], [71851.78, 0.0], [71848.93, 0.0], [71848.88, 0.27837], [71848.29, 0.13918], [71845.77, 0.00037], [71845.72, 0.00019], [71845.71, 0.0], [71845.69, 0.0], [71828.74, 0.0], [71827.03, 0.0], [71819.84, 0.0], [71818.04, 0.0], [71774.84, 0.02792], [71716.36, 0.01039], [71714.29, 0.0], [71135.46, 0.0], [70000.0, 74.30534], [64668.0, 0.00054], [57483.2, 0.00185], [35927.0, 0.00033]], "_doc": "027ef664-d45b-41a0-bbf0-312d1c5bb3af"}, {"timestamp": "2024-04-08 22:28:19", "receive_time": 1712611699.123, "asks": [[71854.01, 8.1364], [71858.37, 0.0], [71872.6, 0.05571], [71879.52, 0.0], [71880.22, 0.4175], [71880.53, 0.0], [71882.05, 0.76726], [71894.55, 0.0], [71895.99, 9.68671], [71896.97, 0.0], [71897.69, 0.0], [71898.24, 0.01707], [71898.41, 0.0], [71904.98, 0.00726], [71921.51, 0.00242], [71923.81, 0.00242], [71941.3, 0.0], [71959.93, 0.0], [71962.09, 0.0], [71988.1, 0.0], [71990.8, 0.6], [72035.35, 0.0], [75144.15, 0.00036], [75431.74, 0.00036], [75719.33, 0.00036], [76006.92, 0.00036], [76294.51, 0.00036], [76582.1, 0.00036], [76869.7, 0.00036]], "bids": [[71854.0, 2.14302], [71853.45, 0.0], [71853.3, 0.13917], [71853.18, 0.0], [71852.87, 0.0], [71852.46, 0.0], [71852.33, 0.0], [71852.32, 0.39518], [71852.25, 0.27017], [71852.01, 0.0], [71851.74, 0.0], [71851.02, 0.0], [71850.98, 0.0], [71850.16, 0.0], [71849.99, 0.0], [71849.57, 0.0], [71848.93, 0.13918], [71848.76, 0.0], [71848.5, 0.0], [71845.76, 0.0], [71845.72, 0.0], [71845.66, 0.0], [71845.64, 0.0], [71845.48, 0.0027], [71844.65, 0.21955], [71844.43, 0.0], [71844.23, 0.05571], [71841.63, 0.0], [71840.04, 0.02056], [71840.01, 0.60122], [71838.92, 0.16705], [71837.93, 0.0], [71836.79, 0.0], [71828.08, 0.07019], [71825.76, 0.0], [71819.89, 0.0], [71818.67, 0.0], [71814.69, 0.2785], [71813.02, 0.0], [71812.2, 0.16028], [71808.86, 0.04], [71785.06, 0.13987], [71784.65, 0.27862], [71781.34, 0.0], [71781.33, 0.0], [71781.12, 0.0], [71781.11, 0.0], [71780.85, 0.02], [71780.84, 0.02], [71774.84, 0.0], [71765.29, 0.0], [71750.39, 0.0], [71740.71, 0.27879], [71732.85, 0.00139], [71731.66, 0.0], [71697.45, 0.0], [71671.41, 0.00348], [71660.27, 0.0], [71658.7, 0.0], [71654.9, 0.2], [71634.24, 0.00279], [71500.0, 3.89908], [71135.46, 0.0], [57483.2, 0.00185], [35927.0, 0.00033]], "_doc": "94e1a090-39f8-48ae-a417-bf22571dc1a2"}, {"timestamp": "2024-04-08 22:28:18", "receive_time": 1712611698.123, "asks": [[71854.01, 7.04055], [71860.01, 0.0014], [71861.67, 0.0], [71875.83, 0.51996], [71879.51, 0.0], [71882.22, 0.04], [71882.84, 0.0], [71883.74, 0.0], [71883.82, 0.0], [71893.53, 0.0], [71893.54, 0.0], [71893.55, 0.0], [71893.6, 0.0], [71894.55, 9.68671], [71895.99, 0.0], [71917.42, 0.2442]], "bids": [[71854.0, 2.67956], [71853.38, 0.00133], [71852.47, 0.0], [71852.32, 0.0], [71852.28, 0.0], [71852.01, 0.38391], [71851.75, 0.0], [71851.73, 0.0], [71851.65, 0.0], [71849.99, 0.24565], [71849.8, 0.0], [71849.2, 0.0], [71848.75, 0.0], [71848.63, 0.0], [71848.51, 0.0], [71848.47, 0.0], [71848.17, 0.0], [71848.16, 0.27129], [71848.15, 0.0], [71846.97, 0.0], [71846.94, 0.0], [71846.58, 0.00139], [71846.02, 0.12524], [71845.76, 0.1644], [71845.41, 0.0], [71845.0, 0.00139], [71844.65, 0.22329], [71844.43, 0.37213], [71844.22, 0.0], [71844.15, 0.0], [71843.89, 0.0], [71842.55, 0.01], [71841.62, 0.19303], [71840.7, 0.0], [71840.07, 0.0], [71838.93, 0.0], [71838.92, 0.24333], [71837.93, 0.60124], [71837.68, 0.23578], [71834.27, 0.0], [71832.86, 0.0], [71832.1, 0.0], [71821.3, 0.0], [71820.8, 0.0], [71791.47, 0.0], [71770.0, 0.01103], [71750.38, 0.0], [71135.46, 0.0], [67323.0, 0.05686], [64668.0, 0.00054], [57483.2, 0.00185], [35927.0, 0.00033]], "_doc": "f51fcb3e-a646-4d1a-bdaa-21a33ac1c968"}, {"timestamp": "2024-04-08 22:28:17", "receive_time": 1712611697.123, "asks": [[71854.01, 10.06588], [71858.17, 0.0], [71860.39, 0.0], [71893.99, 0.0], [71894.55, 9.55821], [71987.6, 0.0], [71988.1, 0.6], [72106.7, 0.00031], [74000.0, 137.429477]], "bids": [[71854.0, 0.62423], [71852.28, 0.13918], [71850.08, 0.0], [71848.75, 0.13918], [71847.98, 0.0], [71843.93, 0.00331], [71843.42, 0.00139], [71840.7, 0.05571], [71834.98, 0.0], [71832.86, 0.07019], [71817.0, 0.05909], [71804.89, 0.0], [71658.7, 0.2], [71657.8, 0.0], [71389.22, 0.00014], [71135.46, 0.0], [66105.68, 0.0], [57483.2, 0.00185], [35927.0, 0.00033]], "_doc": "1da17211-3231-4716-a803-326ec299cde0"}, {"timestamp": "2024-04-08 22:28:16", "receive_time": 1712611696.123, "asks": [[71854.01, 9.95568], [71858.17, 0.04164], [71860.39, 0.04164], [71861.0, 0.6], [71893.99, 9.55481], [71894.55, 0.0], [71896.98, 0.00242], [71905.28, 0.0], [71929.45, 0.0], [72035.35, 0.65569]], "bids": [[71854.0, 0.80353], [71852.37, 0.0], [71851.8, 0.0], [71851.62, 0.0], [71848.81, 0.0], [71848.59, 0.0], [71847.98, 0.13918], [71846.58, 0.0], [71845.0, 0.0], [71843.42, 0.0], [71825.09, 0.13917], [71824.14, 0.00132], [71135.46, 0.0], [66105.68, 0.00016], [64668.6, 0.00032], [64668.0, 0.00054], [62710.45, 0.00704], [60497.14, 0.00303], [58283.83, 0.00273], [57483.2, 0.00185], [35927.0, 0.00033]], "_doc": "5ce2b5a1-a7bf-46cd-a7ff-1ba1785de7b2"}, {"timestamp": "2024-04-08 22:28:15", "receive_time": 1712611695.123, "asks": [[71854.01, 9.95607], [71893.67, 0.016], [71893.99, 0.0], [71894.54, 0.0], [71894.55, 9.55481], [71899.45, 0.0], [71987.6, 0.6], [71990.3, 0.00035]], "bids": [[71854.0, 1.2181], [71852.22, 0.0], [71840.07, 0.0207], [71811.52, 0.0], [71805.76, 0.016], [71657.8, 0.2], [71657.7, 0.0], [71135.46, 0.0], [57483.2, 0.00185], [35927.0, 0.00033]], "_doc": "38cd34fe-63d1-4472-8e23-c6fe91db222d"}, {"timestamp": "2024-04-08 22:28:14", "receive_time": 1712611694.123, "asks": [[71854.01, 9.95581], [71860.72, 0.0], [71879.51, 0.75759], [71880.55, 0.0], [71883.74, 0.04], [71884.33, 0.0], [71893.6, 5.73606], [71893.99, 0.0], [71894.54, 9.55481], [71894.55, 0.0]], "bids": [[71854.0, 1.20995], [71852.97, 0.0], [71852.37, 0.13918], [71851.17, 0.0], [71846.58, 0.00139], [71832.66, 0.0413], [71818.87, 0.0], [71818.23, 0.4175], [71813.85, 0.0], [71812.2, 0.05449], [71705.26, 0.00021], [71580.26, 0.00021], [71135.46, 0.0], [69817.77, 0.0], [64668.0, 0.00054], [57483.2, 0.00185], [35927.0, 0.00033]], "_doc": "5f8c612c-121b-4c62-88de-ba329f354614"}, {"timestamp": "2024-04-08 22:28:13", "receive_time": 1712611693.123, "asks": [[71854.01, 10.68936], [71858.37, 0.00089], [71860.72, 0.04164], [71876.33, 0.0], [71876.38, 0.04055], [71893.99, 0.0], [71894.54, 0.0], [71894.55, 9.49766], [71895.95, 0.0], [71895.96, 0.0], [71897.9, 0.0], [71897.95, 0.04631], [71903.61, 0.00142], [71917.58, 0.0], [71920.77, 0.00198], [71921.77, 0.0], [71969.76, 0.00143], [71978.29, 0.00396], [71979.29, 0.0], [71989.9, 0.0], [71990.3, 0.60035], [72035.35, 0.0], [72069.82, 0.00192], [72112.79, 0.00183], [72248.98, 0.00151], [72374.93, 0.00132], [72414.25, 0.00132], [72529.79, 0.0001], [72542.08, 0.00163], [72613.42, 0.0004], [74000.0, 137.504487], [79900.0, 8.820097]], "bids": [[71854.0, 1.06286], [71852.97, 0.13918], [71849.91, 0.0], [71849.8, 0.16362], [71848.51, 0.26333], [71847.76, 0.0], [71846.58, 0.0], [71845.12, 0.0], [71844.64, 0.04114], [71844.58, 0.0], [71844.22, 0.04], [71840.2, 0.0], [71838.93, 0.3608], [71838.92, 0.60123], [71835.75, 0.0], [71835.74, 0.0], [71834.98, 0.06522], [71832.91, 0.0], [71823.53, 0.0], [71823.08, 0.04533], [71823.02, 0.0], [71786.99, 0.0], [71786.09, 0.00198], [71781.65, 0.0], [71781.64, 0.0], [71781.55, 0.0], [71781.54, 0.0], [71781.34, 0.02], [71781.33, 0.02], [71729.53, 0.0], [71728.64, 0.00396], [71714.29, 0.01039], [71713.92, 0.0], [71663.0, 0.0], [71657.7, 0.2], [71135.46, 0.0], [57483.2, 0.00185], [35927.0, 0.00033]], "_doc": "1df93833-2196-47bf-a9e2-555d35d7b6eb"}, {"timestamp": "2024-04-08 22:28:12", "receive_time": 1712611692.123, "asks": [[71854.01, 9.95067], [71894.55, 0.0], [71895.96, 9.49766], [71895.97, 0.0], [71895.98, 0.0], [71895.99, 0.0], [71916.6, 0.00038], [71988.15, 0.00023], [72029.93, 0.00174], [72155.47, 0.00203], [72196.18, 0.00155], [72285.56, 8e-05], [72317.36, 0.00022], [72362.76, 0.00018], [72398.53, 0.00012], [72438.97, 9e-05], [72597.32, 0.00247]], "bids": [[71854.0, 1.45807], [71852.96, 0.0], [71852.44, 0.0], [71851.98, 0.0], [71850.0, 0.21263], [71848.64, 0.0], [71848.47, 0.27837], [71847.76, 0.24136], [71846.69, 0.0], [71841.02, 0.0], [71840.99, 0.0], [71840.86, 0.0], [71840.84, 0.05569], [71838.93, 0.36078], [71838.92, 0.60124], [71835.75, 0.0], [71781.69, 0.0], [71781.68, 0.0], [71781.67, 0.0], [71781.65, 0.02], [71781.64, 0.02], [71779.99, 0.0], [71779.98, 0.0], [71135.46, 0.0], [69933.6, 0.00072], [64668.0, 0.00054], [57483.2, 0.00185], [53890.5, 0.0], [35927.0, 0.00033]], "_doc": "10fac503-36b1-4e1b-91ad-4a2f7f2ce031"}, {"timestamp": "2024-04-08 22:28:11", "receive_time": 1712611691.123, "asks": [[71854.01, 9.95599], [71864.89, 0.0], [71865.34, 0.0], [71867.27, 0.16698], [71881.46, 0.01463], [71887.09, 0.0], [71892.41, 0.0], [71893.55, 0.0], [71895.92, 0.0], [71895.93, 0.0], [71895.94, 0.0], [71895.99, 9.36708], [71908.49, 0.0], [71917.58, 0.24154], [71988.9, 0.0], [71989.9, 0.6], [72035.35, 0.73766], [72100.0, 90.85631], [72349.99, 0.00163]], "bids": [[71854.0, 0.59923], [71852.44, 0.13918], [71851.86, 0.0], [71851.75, 0.50217], [71851.33, 0.0], [71850.89, 0.0], [71850.37, 0.0], [71848.59, 0.13918], [71848.51, 0.0], [71848.38, 0.0], [71847.04, 0.0], [71846.92, 0.0], [71846.69, 0.24246], [71845.48, 0.0], [71845.12, 0.03], [71841.15, 0.0], [71841.13, 0.0], [71841.11, 0.0], [71841.0, 0.0], [71840.35, 0.0], [71838.93, 0.0], [71838.92, 0.0], [71837.93, 0.0], [71835.75, 0.60124], [71835.74, 0.06522], [71834.27, 0.0], [71825.09, 0.14049], [71825.03, 0.0], [71813.85, 0.24132], [71812.2, 0.16021], [71663.1, 0.0], [71663.0, 0.2], [71391.48, 0.17416], [71135.46, 0.0], [69990.0, 0.29267], [66105.68, 0.0], [57483.2, 0.00185], [53890.5, 0.0002], [35927.0, 0.00033]], "_doc": "4f063a09-6a91-4ad5-86af-885dc76b06c4"}, {"timestamp": "2024-04-08 22:28:10", "receive_time": 1712611690.123, "asks": [[71854.01, 10.13087], [71858.37, 0.0], [71864.89, 0.33392], [71865.34, 0.55645], [71865.99, 0.0], [71880.53, 0.4175], [71880.8, 0.0], [71895.94, 9.28809], [71895.95, 0.0], [71895.96, 0.0], [71895.97, 0.0], [71896.49, 0.0], [71897.69, 0.0], [71902.13, 0.00139], [71942.61, 0.00139], [71974.12, 0.00139], [71996.07, 0.02505], [72014.99, 0.00139], [73748.99, 0.00217]], "bids": [[71854.0, 1.45631], [71853.18, 0.27836], [71852.93, 0.0], [71852.64, 0.0], [71852.48, 0.0], [71852.46, 0.27836], [71852.34, 0.0], [71852.01, 0.0], [71851.94, 0.0], [71851.75, 0.53111], [71851.74, 0.27836], [71851.21, 0.0], [71851.02, 0.27836], [71850.37, 0.25693], [71850.13, 0.0], [71849.12, 0.0], [71849.08, 0.0], [71848.57, 0.0], [71848.52, 0.0], [71848.51, 0.13918], [71848.38, 0.27837], [71847.97, 0.0], [71846.58, 0.00139], [71845.68, 0.0], [71845.0, 0.00139], [71841.0, 0.23508], [71833.37, 0.0], [71825.03, 0.06522], [71820.47, 0.00309], [71820.36, 0.0], [71818.07, 0.04], [71804.48, 0.00139], [71796.01, 0.0], [71781.84, 0.0], [71781.82, 0.00784], [71780.52, 0.0], [71780.51, 0.0], [71779.99, 0.02], [71779.98, 0.02], [71772.57, 0.00309], [71772.56, 0.00139], [71772.55, 0.0], [71767.79, 0.04], [71731.66, 0.00139], [71713.92, 0.01039], [71710.35, 0.0], [71709.85, 0.02505], [71700.47, 0.00139], [71135.46, 0.0], [66105.68, 0.00016], [64668.0, 0.00054], [57483.2, 0.00185], [35927.0, 0.00033]], "_doc": "18361a7e-94d4-496c-a309-d3d9749a5884"}, {"timestamp": "2024-04-08 22:28:09", "receive_time": 1712611689.123, "asks": [[71854.01, 10.70679], [71859.26, 0.0], [71861.04, 0.0], [71876.32, 0.0], [71876.33, 0.04174], [71895.97, 9.20778], [71895.98, 0.0], [71895.99, 0.0], [71897.89, 0.0], [71897.9, 0.04643], [71988.9, 0.6], [71989.4, 0.0], [72084.31, 0.02505], [73032.99, 0.0019], [74487.99, 0.00231]], "bids": [[71854.0, 1.33123], [71852.87, 0.0], [71852.64, 0.13918], [71851.97, 0.0], [71849.48, 0.0], [71848.52, 0.27066], [71848.27, 0.0], [71847.74, 0.0], [71844.58, 0.04071], [71841.29, 0.0], [71841.15, 0.05569], [71823.02, 0.04515], [71820.46, 0.0097], [71817.41, 0.0], [71663.1, 0.2], [71659.2, 0.0], [71135.46, 0.0], [57483.2, 0.00185], [42000.0, 47.38318], [35927.0, 0.00033]], "_doc": "a045467a-f4c1-49ad-bf86-d57f2a44929b"}, {"timestamp": "2024-04-08 22:28:08", "receive_time": 1712611688.123, "asks": [[71854.01, 10.69366], [71858.37, 0.00089], [71858.65, 0.0], [71858.9, 0.0], [71876.32, 0.04036], [71878.63, 0.0], [71895.76, 0.0], [71895.77, 0.0], [71895.78, 0.0], [71895.99, 9.20778], [71896.49, 0.0], [71897.89, 0.04632], [71900.2, 0.0], [72242.43, 8e-05], [72313.29, 0.00129], [72390.32, 0.0], [72600.0, 6.90967], [72644.63, 0.00122], [73032.99, 0.0], [73776.99, 0.00014], [74499.99, 0.07483]], "bids": [[71854.0, 0.30069], [71852.87, 0.13918], [71849.57, 0.0], [71849.46, 0.0], [71848.57, 0.13918], [71843.63, 0.0], [71843.42, 0.00139], [71825.47, 0.0], [71822.1, 0.0], [71822.07, 0.0], [71781.85, 0.0], [71781.83, 0.00784], [71135.46, 0.0], [64668.0, 0.00054], [57483.2, 0.00185], [35927.0, 0.00033]], "_doc": "c58ba587-b0af-4b26-aea7-5fa4eb1dd7cf"}, {"timestamp": "2024-04-08 22:28:07", "receive_time": 1712611687.123, "asks": [[71854.01, 10.54321], [71895.78, 9.20778], [71895.79, 0.0], [71895.8, 0.0], [71895.81, 0.0], [71896.49, 0.0], [71989.4, 0.6], [71994.0, 0.0], [72035.35, 0.0], [73950.0, 4.0459]], "bids": [[71854.0, 0.66735], [71853.63, 0.0], [71853.41, 0.0], [71853.31, 0.0], [71852.92, 0.0], [71852.81, 0.0], [71849.48, 0.24146], [71848.62, 0.0], [71848.25, 0.0], [71847.84, 0.0], [71841.35, 0.0], [71841.33, 0.0], [71841.3, 0.0], [71841.29, 0.05569], [71841.28, 0.0], [71811.88, 0.0], [71796.01, 0.23761], [71697.45, 0.00348], [71694.53, 0.0], [71663.1, 0.0], [71660.27, 0.00279], [71659.2, 0.2], [71656.96, 0.0], [71135.46, 0.0], [57483.2, 0.00185], [35927.0, 0.00033]], "_doc": "3b0df1f7-a0b4-467d-9337-08c929c838ec"}, {"timestamp": "2024-04-08 22:28:06", "receive_time": 1712611686.123, "asks": [[71854.01, 9.804], [71870.7, 0.08], [71877.95, 0.0], [71894.55, 0.0], [71895.81, 9.20227], [71895.82, 0.0], [71895.83, 0.0], [71895.84, 0.0], [71895.85, 0.0], [71896.49, 0.0], [72106.7, 0.00031], [73550.0, 2.10292], [79900.0, 8.166807]], "bids": [[71854.0, 0.28573], [71848.83, 0.0], [71847.45, 0.0], [71847.29, 0.0], [71841.52, 0.45212], [71841.41, 0.0], [71841.39, 0.0], [71841.37, 0.0], [71841.36, 0.0], [71841.35, 0.0], [71818.07, 0.0], [71781.88, 0.0], [71781.78, 0.00784], [71767.79, 0.0], [71389.22, 0.00014], [71135.46, 0.0], [64668.0, 0.00054], [62710.45, 0.00704], [60497.14, 0.00303], [58283.83, 0.00273], [57483.2, 0.00185], [35927.0, 0.00033]], "_doc": "130cc58a-089f-45b5-9c34-4f304d9c052f"}, {"timestamp": "2024-04-08 22:28:05", "receive_time": 1712611685.122, "asks": [[71861.94, 0.0], [71880.55, 0.75902], [71885.46, 0.00174], [71886.38, 0.60123], [71895.85, 9.78481], [71896.0, 0.83475], [71983.76, 0.0], [71994.5, 0.0], [72000.93, 0.00031], [72126.83, 0.00012], [73105.0, 0.00011]], "bids": [[71854.0, 0.40438], [71853.34, 0.0], [71853.31, 0.13917], [71852.42, 0.0], [71852.01, 0.08659], [71849.46, 0.13918], [71849.39, 0.0], [71848.62, 0.26476], [71848.57, 0.0], [71848.16, 0.27129], [71847.45, 0.00279], [71843.89, 0.11906], [71842.72, 0.0], [71842.71, 0.0], [71841.52, 0.5078], [71838.93, 0.2528], [71819.14, 0.0], [71818.87, 0.41749], [71811.88, 0.24284], [71804.48, 0.00139], [71803.83, 0.0], [71722.77, 0.0], [71713.05, 0.0], [71710.35, 0.01039], [71663.9, 0.0], [71663.1, 0.2], [71135.46, 0.0], [66105.68, 0.0], [57483.2, 0.00185], [35927.0, 0.00033]], "_doc": "9e1c64c4-1f23-4831-b00f-ec0f3a398976"}, {"timestamp": "2024-04-08 22:28:04", "receive_time": 1712611684.122, "asks": [[71854.01, 9.80456], [71861.13, 0.0], [71875.63, 0.91817], [71880.55, 0.75902], [71894.55, 0.0], [71895.85, 14.64937], [71895.86, 0.0], [71896.49, 0.0], [71899.66, 0.00332], [71901.0, 0.00239], [71904.42, 0.04645], [71910.12, 0.0], [71911.47, 0.0], [71917.6, 0.0], [71925.28, 0.16738], [71930.6, 0.0], [71946.41, 0.0], [72035.35, 0.73766], [72080.24, 0.0], [72083.85, 0.0], [72263.04, 0.0], [72389.02, 0.0], [72428.35, 0.0], [72453.06, 0.00019], [72543.9, 0.0], [72556.2, 0.0], [72611.45, 0.0], [72850.0, 6.63415]], "bids": [[71854.0, 0.41765], [71853.34, 0.13917], [71851.21, 0.0], [71850.91, 0.0], [71849.39, 0.13918], [71848.89, 0.0], [71848.16, 0.64395], [71843.89, 0.16709], [71842.85, 0.0], [71842.79, 0.0], [71842.73, 0.0], [71833.66, 0.0], [71833.37, 0.06522], [71781.92, 0.0], [71781.84, 0.00784], [71776.58, 0.0], [71772.51, 0.16738], [71135.46, 0.0], [64668.0, 0.00054], [57483.2, 0.00185], [35927.0, 0.00033]], "_doc": "eaf83c64-fe99-42a3-877c-eddaabc51e3b"}, {"timestamp": "2024-04-08 22:28:03", "receive_time": 1712611683.122, "asks": [[71854.01, 10.45722], [71858.65, 0.04164], [71894.55, 0.0], [71895.86, 14.65126], [71895.87, 0.0], [71895.88, 0.0], [71895.89, 0.0], [71895.9, 0.0], [71896.49, 0.0], [71994.0, 0.6], [71995.0, 1.00215], [72002.16, 0.0], [72043.95, 0.0], [72069.57, 0.0], [72100.0, 1.15631], [72169.51, 0.0], [72210.23, 0.0], [72256.49, 0.0], [72299.63, 0.0], [72327.37, 0.00597], [72331.44, 0.0], [72376.84, 0.0], [72412.62, 0.0], [72627.55, 0.0], [72658.77, 0.0]], "bids": [[71854.0, 0.38714], [71853.51, 0.0], [71852.28, 0.0], [71852.01, 0.0], [71851.21, 0.20797], [71850.91, 0.27912], [71850.03, 0.0], [71849.16, 0.0], [71849.09, 0.0], [71848.86, 0.0], [71848.56, 0.0], [71848.44, 0.0], [71847.42, 0.0], [71847.08, 0.0], [71846.64, 0.16], [71845.0, 0.0], [71843.89, 0.16703], [71843.88, 0.27839], [71843.64, 0.0], [71843.42, 0.0], [71135.46, 0.0], [64668.6, 0.00048], [57483.2, 0.00185], [35927.0, 0.00033]], "_doc": "e8e4afd6-1239-42f8-b26a-dbad8d7be058"}, {"timestamp": "2024-04-08 22:28:02", "receive_time": 1712611682.122, "asks": [[71854.01, 10.45852], [71895.89, 5.57537], [71895.91, 0.0]], "bids": [[71854.0, 1.36226], [71853.49, 0.0], [71853.39, 0.0], [71852.79, 0.0], [71852.01, 0.08659], [71851.21, 0.0], [71850.71, 0.0], [71850.39, 0.0], [71850.18, 0.0], [71850.14, 0.0], [71849.24, 0.0], [71849.12, 0.27837], [71825.47, 0.00132], [71781.93, 0.0], [71781.92, 0.00784], [71781.33, 0.0], [71781.31, 0.0], [71781.26, 0.0], [71781.22, 0.0], [71781.15, 0.0], [71781.09, 0.0], [71780.98, 0.0], [71780.93, 0.0], [71780.9, 0.0], [71780.52, 0.02], [71780.51, 0.02], [71722.77, 0.02505], [71713.92, 0.0], [71713.05, 0.01039], [71643.0, 0.0], [71512.38, 7e-05], [71135.46, 0.0], [64668.0, 0.00054], [57483.2, 0.00185], [35927.0, 0.00033]], "_doc": "1dda4bad-1ec6-4070-b69f-3d7e4603f56c"}, {"timestamp": "2024-04-08 22:28:01", "receive_time": 1712611681.122, "asks": [[71854.01, 10.45853], [71861.04, 0.04164], [71878.63, 0.04062], [71895.9, 9.29224], [71895.91, 5.57536], [71895.92, 0.0], [71895.93, 0.0], [71895.94, 0.0], [71896.49, 0.0], [71900.2, 0.04554], [71919.42, 0.0], [71919.99, 0.00136], [71995.0, 1.57415], [71995.4, 0.0], [72035.35, 0.0]], "bids": [[71854.0, 1.50563], [71853.46, 0.0], [71850.71, 0.13918], [71850.33, 0.0], [71850.03, 0.0], [71843.64, 0.02482], [71843.63, 0.04136], [71838.93, 0.4965], [71826.36, 0.0], [71822.07, 0.04554], [71802.96, 0.0], [71694.54, 0.0], [71694.53, 0.00348], [71664.2, 0.0], [71663.9, 0.2], [71656.98, 0.0], [71656.96, 0.00279], [71300.0, 5.30708], [71135.46, 0.0], [64668.6, 0.00061], [64668.0, 0.00054], [57483.2, 0.00185], [35927.0, 0.00033]], "_doc": "ef0d6010-f89b-438d-9c99-a546e06e9761"}, {"timestamp": "2024-04-08 22:28:00", "receive_time": 1712611680.122, "asks": [[71854.01, 9.69265], [71860.03, 0.0], [71878.6, 0.0], [71880.8, 0.41749], [71881.45, 0.0], [71893.99, 0.0], [71894.55, 0.0], [71895.93, 0.0], [71895.94, 5.54104], [71895.95, 0.0], [71895.96, 0.0], [71896.49, 9.29642], [71900.17, 0.0], [71994.5, 0.02505], [72067.37, 0.0]], "bids": [[71854.0, 1.53606], [71851.21, 0.20752], [71851.13, 0.0], [71850.39, 0.27837], [71850.19, 0.0], [71850.03, 0.14197], [71848.16, 0.27129], [71843.29, 0.0], [71843.28, 0.0], [71838.19, 0.00027], [71821.72, 0.0], [71781.93, 0.00784], [71135.46, 0.0], [66105.68, 0.0], [57483.2, 0.00012], [35927.0, 0.00033]], "_doc": "f7d6f8f8-d88a-4a0b-babf-73624af4ec52"}, {"timestamp": "2024-04-08 22:27:59", "receive_time": 1712611679.122, "asks": [[71854.01, 9.70941], [71878.82, 0.0], [71895.95, 9.23506], [71895.96, 5.54113], [71895.97, 0.0], [71895.98, 0.0], [71895.99, 0.0], [71896.49, 0.0], [71897.69, 0.0], [71900.39, 0.0]], "bids": [[71854.0, 1.56692], [71853.51, 0.0], [71852.82, 0.0], [71852.66, 0.0], [71851.13, 0.00279], [71850.45, 0.0], [71850.23, 0.0], [71850.19, 0.00279], [71849.91, 0.0], [71847.08, 0.27838], [71844.68, 0.0], [71844.67, 0.0], [71843.73, 0.0], [71840.88, 0.0], [71823.11, 0.0], [71802.96, 0.2409], [71713.92, 0.01039], [71710.35, 0.0], [71664.2, 0.2], [71661.0, 0.0], [71135.46, 0.0], [66105.68, 0.00016], [64668.0, 0.00054], [57483.2, 0.00012], [35927.0, 0.00033]], "_doc": "edec2de5-7e3b-4eeb-91e0-9859e700bb55"}, {"timestamp": "2024-04-08 22:27:58", "receive_time": 1712611678.122, "asks": [[71854.01, 9.74096], [71887.09, 0.23501], [71895.98, 5.53396], [71895.99, 9.22315], [71921.56, 0.0], [71921.77, 0.00198], [71979.29, 0.00396], [72035.35, 0.73766]], "bids": [[71854.0, 1.47671], [71853.18, 0.0], [71852.46, 0.0], [71851.74, 0.0], [71851.54, 0.0], [71851.02, 0.0], [71850.52, 0.0], [71849.91, 0.13918], [71849.8, 0.0], [71791.69, 0.0], [71786.99, 0.00198], [71782.1, 0.0], [71781.93, 0.00784], [71734.23, 0.0], [71729.53, 0.00396], [71135.46, 0.0], [70100.0, 4.28179], [57483.2, 0.00012], [35927.0, 0.00033]], "_doc": "8900fd0a-ee21-4f69-9a3c-ebbb5ced8e9c"}, {"timestamp": "2024-04-08 22:27:57", "receive_time": 1712611677.122, "asks": [[71854.01, 10.44862], [71868.92, 0.0], [71895.97, 0.0], [71895.98, 0.0], [71895.99, 0.0], [71896.49, 0.0], [71896.6, 0.0], [71897.69, 0.0], [71898.41, 0.0], [71994.2, 0.0], [71995.4, 0.529]], "bids": [[71854.0, 1.47519], [71853.39, 0.23556], [71853.18, 0.0], [71853.12, 0.0], [71852.46, 0.0], [71852.05, 0.0], [71851.74, 0.0], [71851.04, 0.01002], [71851.02, 0.0], [71850.4, 0.0], [71850.23, 0.27837], [71849.8, 0.13918], [71849.12, 0.0], [71848.16, 0.66799], [71845.66, 0.00037], [71845.4, 0.0], [71827.17, 0.0], [71826.36, 0.00132], [71661.0, 0.2], [71657.9, 0.0], [71135.46, 0.0], [66950.0, 0.81238], [65950.0, 0.0896], [64668.0, 0.00054], [57483.2, 0.00012], [35927.0, 0.00033]], "_doc": "bd7c18a0-e600-4f69-8814-9f1ed4eaa15a"}, {"timestamp": "2024-04-08 22:27:56", "receive_time": 1712611676.122, "asks": [[71854.01, 10.47877], [71855.29, 0.0], [71856.41, 0.0], [71857.82, 0.0], [71861.4, 0.0], [71865.23, 0.0], [71868.92, 0.05571], [71880.55, 0.75902], [71882.83, 0.20875], [71882.84, 0.05616], [71882.85, 0.0], [71895.88, 0.0], [71895.89, 0.0], [71895.9, 0.0], [71896.49, 9.2092], [71896.6, 0.0], [71902.35, 0.0], [71921.56, 0.24085], [72106.7, 0.00031], [72464.76, 0.00015], [73500.0, 141.09733]], "bids": [[71854.0, 1.28585], [71853.96, 0.0], [71853.21, 0.0], [71851.4, 0.0], [71851.21, 0.0], [71851.04, 0.27865], [71850.2, 0.0], [71850.18, 0.0], [71849.47, 0.0], [71849.32, 0.0], [71848.16, 0.66797], [71846.97, 0.0], [71844.68, 0.15748], [71821.38, 0.0], [71819.14, 0.41749], [71804.47, 0.00242], [71782.1, 0.00784], [71781.89, 0.0], [71781.79, 0.0], [71781.73, 0.0], [71781.67, 0.0], [71781.57, 0.0], [71781.44, 0.0], [71781.34, 0.0], [71781.33, 0.02], [71781.08, 0.0], [71780.52, 0.02], [71780.51, 0.0], [71389.22, 0.00014], [71135.46, 0.0], [57483.2, 0.00012], [35927.0, 0.00033]], "_doc": "d9e8ac79-9210-4128-a4d6-f04403dae373"}, {"timestamp": "2024-04-08 22:27:55", "receive_time": 1712611675.122, "asks": [[71854.01, 10.68648], [71895.9, 9.32925], [71895.91, 0.0], [71895.92, 0.0], [72035.35, 0.0], [72464.76, 0.0]], "bids": [[71854.0, 0.09018], [71848.09, 0.0], [71843.04, 0.0], [71842.85, 0.05569], [71840.36, 0.0], [71840.35, 0.02044], [71832.92, 0.0], [71832.91, 0.04204], [71800.0, 0.376], [71782.38, 0.0], [71782.37, 0.0], [71781.79, 0.02], [71781.78, 0.0], [71781.57, 0.02], [71781.56, 0.0], [71657.9, 0.2], [71657.8, 0.0], [71135.46, 0.0], [70000.0, 74.30463], [64668.0, 0.00054], [62710.45, 0.00704], [60497.14, 0.00303], [58283.83, 0.00273], [57483.2, 0.00012], [35927.0, 0.00033], [25840.2, 0.00024], [25839.37, 0.00072]], "_doc": "d74cf6be-1339-493d-bc69-b77881fbf66c"}, {"timestamp": "2024-04-08 22:27:54", "receive_time": 1712611674.122, "asks": [[71854.01, 9.94071], [71882.06, 0.00266], [71895.92, 9.32925], [71895.93, 0.0], [71895.94, 0.0], [71895.95, 0.0], [71896.49, 0.0], [71898.28, 0.0], [72356.0, 0.02159]], "bids": [[71854.0, 0.11164], [71853.28, 0.0], [71853.21, 0.13917], [71851.21, 0.20374], [71849.47, 0.13918], [71849.32, 0.26889], [71849.12, 0.27837], [71847.67, 0.0], [71844.68, 0.16023], [71840.88, 0.2408], [71838.19, 0.0], [71832.94, 0.0], [71827.17, 0.00132], [71823.77, 0.0], [71804.79, 0.0], [71802.9, 0.24], [71781.93, 0.0], [71781.85, 0.00784], [71135.46, 0.0], [66105.68, 0.0], [57483.2, 0.00012], [42000.0, 47.38318], [35927.0, 0.00033]], "_doc": "0a8f6bb5-3b72-485f-b535-976c47ff4ec6"}, {"timestamp": "2024-04-08 22:27:53", "receive_time": 1712611673.122, "asks": [[71854.01, 9.94369], [71871.9, 0.16], [71872.04, 0.0], [71879.85, 0.0], [71895.95, 9.31325], [71895.96, 0.0], [71895.97, 0.0], [71993.8, 5.14388], [71994.2, 0.593], [72164.52, 0.0], [72854.01, 0.00498]], "bids": [[71854.0, 0.13181], [71853.25, 0.0], [71852.1, 0.0], [71851.21, 0.03018], [71851.11, 0.0], [71850.4, 0.0], [71849.97, 0.0], [71849.28, 0.0], [71848.73, 0.0], [71848.33, 0.0], [71847.87, 0.0], [71847.76, 0.0], [71844.68, 0.16289], [71843.94, 0.0], [71843.73, 0.27839], [71843.69, 0.0], [71843.09, 0.0], [71843.05, 0.0], [71843.04, 0.05569], [71841.09, 0.0], [71840.42, 0.0], [71838.93, 0.2528], [71833.91, 0.001], [71833.02, 0.0], [71832.97, 0.0], [71782.9, 0.0], [71782.89, 0.0], [71782.59, 0.0], [71782.58, 0.0], [71782.46, 0.0], [71782.45, 0.0], [71782.44, 0.0], [71782.4, 0.0], [71782.39, 0.0], [71782.38, 0.02], [71782.37, 0.02], [71781.76, 0.0], [71781.75, 0.0], [71780.98, 0.0], [71780.97, 0.0], [71657.8, 0.2], [71657.7, 0.0], [71135.46, 0.0], [64668.0, 0.00054], [57483.2, 0.00012], [35927.0, 0.00033]], "_doc": "5af185c7-30d5-406c-a945-772f3221813b"}, {"timestamp": "2024-04-08 22:27:52", "receive_time": 1712611672.122, "asks": [[71854.01, 9.94252], [71855.29, 0.04164], [71856.41, 0.04164], [71865.23, 0.05571], [71869.66, 0.0], [71884.26, 0.0], [71884.33, 0.04], [71895.97, 9.3147], [71895.98, 0.0], [71895.99, 0.0], [72035.35, 0.73766], [72139.47, 0.00209], [72139.48, 0.0], [72533.0, 0.02311], [73000.0, 265.94645]], "bids": [[71854.0, 0.17637], [71853.43, 0.0], [71849.97, 0.13918], [71849.01, 0.0], [71848.32, 0.0], [71846.88, 0.08], [71845.42, 0.0], [71844.68, 0.0], [71844.0, 0.0], [71843.95, 0.0], [71843.94, 0.05569], [71838.93, 0.36074], [71838.92, 0.60124], [71837.93, 0.0], [71834.28, 0.0], [71834.27, 0.0], [71832.5, 0.0], [71814.92, 0.0], [71804.79, 0.23364], [71781.99, 0.0], [71781.88, 0.00784], [71694.56, 0.0], [71694.54, 0.00348], [71657.0, 0.0], [71656.98, 0.00279], [71135.46, 0.0], [70100.0, 4.28055], [69631.37, 0.0], [57483.2, 0.00012], [35927.0, 0.00033]], "_doc": "800520f5-b9d3-4a92-a9cd-26e1be076e92"}, {"timestamp": "2024-04-08 22:27:51", "receive_time": 1712611671.122, "asks": [[71881.45, 0.4175], [71882.84, 0.52419], [71884.07, 0.0], [71886.37, 0.36185], [71907.9, 0.02], [71913.28, 0.84281], [71993.8, 5.74388], [71995.9, 0.0]], "bids": [[71854.0, 0.28311], [71853.18, 0.27836], [71852.46, 0.27836], [71851.74, 0.27836], [71851.12, 0.0], [71851.02, 0.27836], [71850.17, 0.0], [71849.83, 0.0], [71847.67, 0.0], [71846.58, 0.0], [71791.4, 0.0], [71658.0, 0.0], [71657.7, 0.2], [71135.46, 0.0], [64668.0, 0.00054], [57483.2, 0.00012], [35927.0, 0.00033]], "_doc": "2bf675e1-b631-4463-991c-4c4988e0a434"}, {"timestamp": "2024-04-08 22:27:50", "receive_time": 1712611670.122, "asks": [[71854.01, 10.48163], [71857.69, 0.0], [71857.82, 0.04164], [71876.03, 0.0], [71883.85, 0.0], [71884.26, 0.04], [71886.38, 0.60297], [71888.04, 0.0], [71888.05, 0.0], [71888.96, 0.0], [71895.99, 9.28762], [71897.63, 0.0], [71897.64, 0.0]], "bids": [[71854.0, 0.30932], [71851.28, 0.0], [71850.18, 0.0], [71848.79, 0.0], [71847.67, 0.00279], [71846.58, 0.00139], [71845.48, 0.04], [71838.94, 0.0], [71838.93, 0.0], [71838.92, 0.3608], [71837.93, 0.60124], [71834.27, 0.0], [71823.77, 0.00132], [71782.9, 0.02], [71782.89, 0.02], [71781.38, 0.0], [71781.0, 0.0], [71713.05, 0.0], [71710.35, 0.01039], [71710.29, 0.02], [71135.46, 0.0], [57483.2, 0.00012], [35927.0, 0.00033], [25867.44, 0.00072]], "_doc": "bb95da04-4f80-465e-abaf-595f3e2d3102"}, {"timestamp": "2024-04-08 22:27:49", "receive_time": 1712611669.122, "asks": [[71854.01, 10.13205], [71896.6, 0.0], [71897.64, 9.28762], [71897.65, 0.0], [71897.66, 0.0], [71897.67, 0.0], [71995.1, 0.0], [71995.9, 0.582]], "bids": [[71854.0, 0.30357], [71851.12, 0.13918], [71848.08, 0.0], [71658.7, 0.0], [71658.0, 0.2], [71631.7, 0.25], [71135.46, 0.0], [66105.68, 0.0], [64668.0, 0.00054], [57483.2, 0.00012], [35927.0, 0.00033]], "_doc": "219c4a9d-e9e8-4a08-957f-3189213d2bd1"}, {"timestamp": "2024-04-08 22:27:48", "receive_time": 1712611668.122, "asks": [[71854.01, 9.39411], [71855.62, 0.0], [71856.52, 0.0], [71875.63, 1.75285], [71888.96, 0.04], [71897.67, 9.28639], [71897.68, 0.0], [71897.69, 0.0], [71900.67, 0.00275], [72139.47, 0.0], [72139.48, 0.00209], [80300.0, 0.66998]], "bids": [[71854.0, 0.50685], [71850.09, 0.0], [71847.64, 0.0], [71820.36, 0.00309], [71820.01, 0.0], [71694.56, 0.00348], [71693.48, 0.0], [71657.0, 0.00279], [71655.92, 0.0], [71135.46, 0.0], [66105.68, 0.00016], [57483.2, 0.00012], [35927.0, 0.00033]], "_doc": "cea5b596-4d0b-4454-8693-1e163d183e9e"}, {"timestamp": "2024-04-08 22:27:47", "receive_time": 1712611667.122, "asks": [[71854.01, 9.39426], [71856.52, 0.04164], [71857.67, 0.45212], [71864.88, 0.0], [71875.63, 0.91817], [71876.03, 0.05443], [71888.88, 0.0002], [71888.96, 0.04], [71895.98, 0.0], [71895.99, 0.0], [71896.49, 0.0], [71896.6, 0.0], [71897.2, 0.0], [71897.69, 9.28639], [71897.98, 0.0], [71900.67, 0.83743], [71929.45, 0.04]], "bids": [[71854.0, 0.30787], [71851.54, 0.0], [71851.21, 0.46364], [71851.11, 0.28769], [71850.84, 0.0], [71850.4, 0.27837], [71850.19, 0.0], [71850.09, 0.13918], [71848.78, 0.0], [71848.73, 0.0], [71848.39, 0.0], [71848.38, 0.0], [71848.37, 0.0], [71848.36, 0.0], [71848.35, 0.0], [71848.34, 0.0], [71848.16, 0.27129], [71847.04, 0.0], [71838.92, 0.0], [71828.75, 0.0], [71803.67, 0.00437], [71713.92, 0.0], [71713.05, 0.01039], [71659.0, 0.0], [71658.7, 0.2], [71480.22, 0.0], [71135.46, 0.0], [64668.0, 0.00054], [57483.2, 0.00012], [35927.0, 0.00033]], "_doc": "4dafccee-fee7-4ae3-9a25-9fe51f703e99"}, {"timestamp": "2024-04-08 22:27:46", "receive_time": 1712611666.121, "asks": [[71854.01, 9.39495], [71855.55, 0.0], [71857.96, 0.0], [71875.44, 0.00696], [71893.6, 0.0], [71894.55, 0.0], [71895.98, 0.32419], [71895.99, 0.0], [71897.2, 9.27748], [71897.21, 0.0], [71897.69, 0.0], [71904.35, 0.00068], [71906.15, 0.00239], [71907.95, 0.00235], [71909.75, 0.0121], [71911.54, 0.01138], [71912.48, 0.01124], [71917.39, 0.0], [71919.19, 0.0], [71920.99, 0.0], [71922.78, 0.0], [71924.58, 0.0], [71925.52, 0.0], [72106.7, 0.00031], [72990.0, 0.93477]], "bids": [[71854.0, 0.79232], [71849.74, 0.0], [71848.78, 0.00279], [71848.34, 1.39025], [71848.33, 0.0], [71848.26, 0.0], [71848.25, 0.0], [71848.24, 0.0], [71848.23, 0.0], [71848.22, 0.0], [71848.21, 0.0], [71848.2, 0.0], [71848.19, 0.0], [71848.18, 0.0], [71845.0, 0.00139], [71828.75, 0.00132], [71822.3, 0.0], [71821.38, 0.41749], [71782.01, 0.0], [71781.93, 0.00784], [71658.37, 0.0], [71389.22, 0.00014], [71135.46, 0.0], [69913.95, 0.0005], [65000.0, 159.8815], [64592.89, 0.0], [57483.2, 0.00012], [35927.0, 0.00033]], "_doc": "0bd12e9e-7331-4200-8dc6-5f9e7911ac77"}, {"timestamp": "2024-04-08 22:27:45", "receive_time": 1712611665.122, "asks": [[71854.01, 9.39499], [71994.3, 0.0], [71995.1, 0.571]], "bids": [[71854.0, 0.48686], [71850.26, 0.0], [71850.25, 0.0], [71850.24, 0.0], [71850.23, 0.0], [71850.22, 0.0], [71850.21, 0.0], [71850.2, 0.0], [71849.2, 0.0], [71848.18, 1.43505], [71848.17, 0.0], [71848.16, 0.0], [71847.04, 0.00279], [71713.92, 0.01039], [71713.05, 0.0], [71660.7, 0.0], [71659.0, 0.2], [71632.5, 0.0], [71297.67, 0.00029], [71296.82, 0.0], [71135.46, 0.0], [71064.0, 0.00208], [71063.62, 0.0], [64668.0, 0.00054], [62710.45, 0.00704], [60497.14, 0.00303], [58283.83, 0.00273], [57483.2, 0.00012], [35927.0, 0.00033]], "_doc": "1bdb5a81-b699-467d-a944-824f7caf0c99"}, {"timestamp": "2024-04-08 22:27:44", "receive_time": 1712611664.122, "asks": [[71854.01, 9.3993], [71875.44, 0.05869], [71890.01, 0.025], [71897.22, 0.0], [72000.0, 9.8627], [72199.99, 7e-05]], "bids": [[71854.0, 0.50075], [71852.6, 0.0], [71850.17, 0.0], [71849.42, 0.0], [71849.2, 1.14937], [71849.19, 0.0], [71849.18, 0.0], [71849.17, 0.0], [71849.16, 0.0], [71849.15, 0.0], [71848.26, 0.0], [71848.25, 0.0], [71848.24, 0.0], [71848.23, 0.0], [71848.22, 0.0], [71847.0, 0.18242], [71845.68, 0.15176], [71820.35, 0.00738], [71819.44, 0.0], [71812.18, 0.0], [71804.97, 0.025], [71782.02, 0.0], [71781.99, 0.00784], [71632.5, 0.16], [71135.46, 0.0], [60000.0, 196.0932], [57483.2, 0.00012], [35927.0, 0.00033]], "_doc": "8741eca7-d1c3-4cb2-8345-47cc7b6234e3"}, {"timestamp": "2024-04-08 22:27:43", "receive_time": 1712611663.121, "asks": [[71854.01, 9.40347], [71854.8, 0.0], [71855.55, 0.04164], [71857.96, 0.04164], [71861.4, 0.10399], [71875.83, 0.51996], [71886.38, 0.00174], [71888.81, 0.0], [71888.88, 0.0402], [71896.49, 0.0], [71897.21, 5.52984], [71897.69, 9.21628], [71898.93, 0.0], [71899.12, 0.0], [71899.43, 0.0], [71899.75, 0.0], [71921.77, 0.00198], [71979.29, 0.00396], [71994.3, 0.6], [71994.9, 0.0], [72517.31, 0.00279], [72520.18, 0.0]], "bids": [[71854.0, 0.82376], [71851.5, 0.0], [71850.84, 0.13918], [71850.01, 0.00348], [71849.32, 0.0], [71848.41, 0.0], [71848.22, 1.468], [71848.21, 0.0], [71848.2, 0.0], [71848.19, 0.0], [71848.18, 0.0], [71848.17, 0.0], [71848.16, 0.0], [71846.85, 0.0], [71844.06, 0.0], [71832.5, 0.27634], [71827.21, 0.0], [71812.61, 0.0], [71804.89, 0.05381], [71797.5, 0.0], [71791.69, 0.00198], [71785.69, 0.0], [71781.76, 0.0], [71781.38, 0.02], [71734.23, 0.00396], [71693.48, 0.00348], [71692.77, 0.0], [71660.7, 0.2], [71659.5, 0.0], [71658.05, 0.0], [71655.92, 0.00279], [71135.46, 0.0], [66105.68, 0.0], [64668.0, 0.00054], [57483.2, 0.00012], [35927.0, 0.00033]], "_doc": "3c0cc093-908d-4311-8336-50ce7befe8fb"}, {"timestamp": "2024-04-08 22:27:42", "receive_time": 1712611662.121, "asks": [[71854.01, 9.39668], [71857.15, 0.0], [71861.6, 7e-05], [71863.27, 0.04136], [71899.3, 0.0], [71899.75, 9.21628], [71899.82, 0.0], [71899.99, 0.0], [71924.37, 0.0], [71981.9, 0.0]], "bids": [[71854.0, 1.81962], [71851.5, 0.13918], [71849.98, 0.0], [71846.85, 0.06698], [71843.42, 0.00139], [71794.08, 0.0], [71782.04, 0.0], [71782.01, 0.00784], [71736.62, 0.0], [71717.13, 0.60012], [71713.05, 0.01039], [71650.0, 0.00438], [71135.46, 0.0], [66105.68, 0.00016], [57483.2, 0.00012], [35927.0, 0.00033]], "_doc": "3f4190d8-d014-4175-bae1-668cc3b2b864"}, {"timestamp": "2024-04-08 22:27:41", "receive_time": 1712611661.121, "asks": [[71854.01, 9.48113], [71860.74, 0.27833], [71861.13, 0.1], [71862.39, 0.0], [71883.99, 0.0], [71884.07, 0.41749], [71898.56, 0.0], [71898.93, 0.0], [71899.12, 5.51241], [71899.3, 9.18726], [71899.43, 0.0], [71955.66, 0.014], [71959.34, 0.0], [71994.9, 0.6], [71997.7, 0.0], [74111.0, 0.27701], [74511.0, 0.2], [76800.0, 2.28751]], "bids": [[71854.0, 1.81843], [71853.69, 0.0], [71853.28, 0.11], [71852.56, 0.0], [71851.84, 0.0], [71851.57, 0.0], [71851.54, 0.27836], [71851.5, 0.0], [71850.45, 0.0], [71850.19, 0.26028], [71850.17, 0.16135], [71849.14, 0.23832], [71848.41, 0.00279], [71848.32, 0.02], [71848.2, 0.0], [71847.76, 0.27838], [71847.52, 0.0], [71847.42, 0.04], [71845.42, 0.03347], [71845.4, 0.00037], [71844.96, 0.0], [71844.14, 0.0], [71838.94, 0.36077], [71838.93, 0.60124], [71834.44, 0.0], [71827.21, 0.00132], [71824.58, 0.0], [71816.29, 0.09033], [71807.89, 0.00119], [71805.2, 0.00239], [71800.71, 0.006], [71774.84, 0.13987], [71772.53, 0.0], [71765.29, 0.02793], [71663.7, 0.0], [71659.5, 0.2], [71135.46, 0.0], [65301.02, 0.0], [65290.11, 0.00016], [64668.0, 0.00054], [57483.2, 0.00012], [35927.0, 0.00033]], "_doc": "16fe720f-7c3e-45d8-ac1c-e4e75d6d9ca6"}, {"timestamp": "2024-04-08 22:27:40", "receive_time": 1712611660.121, "asks": [[71854.01, 9.26062], [71857.15, 0.04164], [71860.03, 0.04164], [71860.26, 0.27833], [71860.74, 0.41562], [71861.13, 0.14078], [71861.4, 0.10399], [71862.6, 0.0], [71865.04, 7e-05], [71865.79, 0.0], [71873.27, 0.0], [71873.35, 0.0919], [71877.6, 0.0], [71878.82, 0.04056], [71878.85, 0.0], [71882.84, 0.46803], [71882.87, 0.0], [71898.23, 0.0], [71898.93, 9.16178], [71899.3, 0.0], [71899.75, 0.0], [71900.39, 0.04555], [71900.42, 0.02905], [71900.78, 0.0], [71900.89, 0.00012], [71901.1, 0.0], [71902.13, 0.00139], [71902.6, 0.0], [71902.78, 0.0], [71942.61, 0.00139], [71974.12, 0.00139], [72014.99, 0.00139], [72653.43, 0.00632]], "bids": [[71854.0, 1.48391], [71853.86, 0.0], [71853.28, 0.38836], [71853.19, 0.0], [71853.14, 0.0], [71853.01, 0.0], [71852.97, 0.0], [71852.56, 0.27836], [71852.12, 0.0], [71851.84, 0.27836], [71851.21, 0.0], [71850.53, 0.0], [71849.62, 0.0], [71848.42, 0.0], [71848.11, 0.0], [71847.52, 0.16], [71847.18, 0.0], [71846.58, 0.0], [71845.64, 0.00019], [71845.0, 0.0], [71844.92, 0.0], [71844.68, 0.0], [71844.67, 0.04035], [71844.06, 0.05571], [71843.42, 0.0], [71842.69, 0.0], [71838.94, 0.0], [71838.93, 0.0], [71838.14, 0.0], [71838.13, 0.0], [71837.92, 0.27841], [71836.91, 0.0], [71834.44, 0.60123], [71834.43, 0.0], [71831.99, 0.00028], [71831.57, 0.0], [71831.13, 0.0], [71830.47, 0.27844], [71830.23, 0.09746], [71823.12, 0.00063], [71823.11, 0.04502], [71821.54, 0.0], [71819.83, 0.0], [71819.47, 0.0], [71814.98, 0.0], [71810.98, 0.02905], [71810.01, 0.0], [71806.65, 0.00068], [71803.83, 0.00139], [71803.69, 0.0], [71797.5, 0.27825], [71794.28, 0.0], [71782.69, 0.0], [71782.68, 0.0], [71782.62, 0.0], [71782.61, 0.0], [71782.6, 0.0], [71782.59, 0.0], [71782.4, 0.0], [71782.39, 0.0], [71782.06, 0.0], [71782.05, 0.0], [71782.02, 0.00784], [71781.88, 0.0], [71781.81, 0.0], [71781.76, 0.02], [71781.55, 0.0], [71781.54, 0.0], [71781.0, 0.02], [71780.99, 0.0], [71778.86, 0.01124], [71772.56, 0.00139], [71731.66, 0.00139], [71731.54, 0.0001], [71700.47, 0.00139], [71135.46, 0.0], [57483.2, 0.00012], [35927.0, 0.00033]], "_doc": "aa2a25c6-4128-4385-9ccb-838ebd2b0d90"}, {"timestamp": "2024-04-08 22:27:39", "receive_time": 1712611659.121, "asks": [[71854.01, 7.53486], [71863.34, 0.0], [71882.85, 0.78003], [71882.87, 0.25056], [71883.76, 0.0], [71902.33, 0.0], [71902.34, 0.0], [71902.78, 9.13934], [71902.95, 0.0], [71997.7, 0.6], [71999.7, 0.0], [72537.93, 0.0]], "bids": [[71854.0, 3.96089], [71853.86, 0.13917], [71852.16, 0.0], [71838.94, 0.3608], [71838.93, 0.60122], [71834.44, 0.0], [71782.69, 0.02], [71782.68, 0.02], [71781.8, 0.0], [71781.79, 0.0], [71692.78, 0.0], [71692.77, 0.00348], [71671.7, 0.0], [71663.7, 0.2], [71658.06, 0.0], [71658.05, 0.00279], [71135.46, 0.0], [67700.0, 75.22084], [64668.0, 0.00054], [57483.2, 0.00012], [42000.0, 47.38318], [35927.0, 0.00033]], "_doc": "c6bc3852-43c3-48d2-a61e-15c1ea09f144"}, {"timestamp": "2024-04-08 22:27:38", "receive_time": 1712611658.121, "asks": [[71854.01, 7.97469], [71863.34, 0.04269], [71875.63, 1.75285], [71888.73, 0.0], [71888.81, 0.04], [71899.45, 0.016], [71902.33, 9.12394], [71902.34, 5.47442], [71902.6, 0.0], [71902.78, 0.0], [71902.87, 0.0], [71902.96, 0.00025], [71903.18, 0.016], [71903.96, 0.0]], "bids": [[71854.0, 3.9567], [71853.7, 0.0], [71853.32, 0.0], [71853.14, 0.27243], [71852.52, 0.0], [71851.89, 0.0], [71847.18, 0.06192], [71816.03, 0.0], [71811.52, 0.016], [71782.22, 0.0], [71782.15, 0.0], [71782.07, 0.0], [71782.04, 0.00784], [71781.8, 0.02], [71781.79, 0.02], [71135.46, 0.0], [57483.2, 0.00012], [35927.0, 0.00033]], "_doc": "e2ebe928-0374-4b27-9b72-29e48e52f73a"}, {"timestamp": "2024-04-08 22:27:37", "receive_time": 1712611657.121, "asks": [[71854.01, 7.55275], [71882.39, 0.0], [71888.04, 0.36077], [71907.9, 0.03], [71998.8, 0.00031], [71999.7, 0.6]], "bids": [[71854.0, 4.81771], [71853.41, 0.0], [71822.3, 0.41748], [71822.04, 0.0], [71809.71, 0.0], [71671.7, 0.2], [71663.7, 0.0], [71135.46, 0.0], [66105.68, 0.0], [64668.0, 0.00054], [57483.2, 0.00012], [35927.0, 0.00033]], "_doc": "d6428f1f-c156-4766-9142-c87de61d0efc"}, {"timestamp": "2024-04-08 22:27:36", "receive_time": 1712611656.121, "asks": [[71854.01, 7.14307], [71854.32, 0.0], [71858.37, 0.0], [71861.94, 0.00089], [71861.95, 0.0], [71882.87, 0.47003], [71884.37, 0.0], [71885.46, 0.0], [71888.05, 0.60122], [71888.06, 0.0], [71890.36, 0.0], [71900.78, 0.0], [71901.53, 0.00011], [71902.01, 0.0], [71902.05, 0.00027], [71902.12, 0.0], [71902.6, 0.0], [71903.18, 9.02101], [71903.21, 0.0], [71903.34, 0.0], [72106.7, 0.00031]], "bids": [[71854.0, 4.83567], [71852.61, 0.0], [71846.58, 0.00139], [71838.94, 0.36075], [71838.93, 0.60122], [71834.45, 0.0], [71803.67, 0.00679], [71782.08, 0.0], [71782.07, 0.00784], [71389.22, 0.00014], [71135.46, 0.0], [57483.2, 0.00012], [35927.0, 0.00033]], "_doc": "777cdc1e-0309-4331-8b1e-ef14191f5b14"}, {"timestamp": "2024-04-08 22:27:35", "receive_time": 1712611655.121, "asks": [[71854.01, 7.58649], [71855.99, 0.0], [71856.59, 0.16701], [71875.63, 1.75285], [71901.49, 0.00011], [71901.53, 8.90479], [71901.66, 0.0], [71998.6, 0.0], [71998.8, 0.60031]], "bids": [[71854.0, 4.44239], [71718.36, 0.0], [71717.13, 0.61051], [71692.78, 0.00348], [71692.77, 0.0], [71658.06, 0.00279], [71658.05, 0.0], [71135.46, 0.0], [64668.0, 0.00054], [62710.45, 0.00704], [60497.14, 0.00303], [58283.83, 0.00273], [57483.2, 0.00012], [35927.0, 0.00033]], "_doc": "1778d5c5-6f06-4a81-b4ae-d928ad0a7c37"}, {"timestamp": "2024-04-08 22:27:34", "receive_time": 1712611654.121, "asks": [[71854.01, 7.58645], [71861.95, 0.04264]], "bids": [[71854.0, 4.44963], [71853.28, 0.11], [71852.62, 0.0], [71852.61, 0.01322], [71852.56, 0.0], [71851.84, 0.0], [71851.21, 0.16702], [71838.93, 0.0], [71838.14, 0.0], [71834.45, 0.60123], [71834.44, 0.0], [71782.1, 0.0], [71782.08, 0.00784], [71135.46, 0.0], [57483.2, 0.00012], [35927.0, 0.00033]], "_doc": "3562599a-2510-4c7f-939c-9398021eb9fa"}, {"timestamp": "2024-04-08 22:27:33", "receive_time": 1712611653.121, "asks": [[71854.01, 7.60289], [71882.39, 0.05079], [71890.25, 0.34439], [71897.22, 0.025], [71900.17, 0.0], [71902.35, 0.28526], [71943.03, 0.0], [71997.6, 0.0], [71998.6, 0.6]], "bids": [[71854.0, 4.72132], [71853.65, 0.0], [71845.0, 0.00139], [71815.12, 0.0], [71812.18, 0.025], [71663.7, 0.2], [71663.5, 0.0], [71135.46, 0.0], [64668.0, 0.00054], [57483.2, 0.00012], [35927.0, 0.00033]], "_doc": "9699e86b-9a47-43ba-b6f6-37cb51fa1f53"}]