[{"timestamp": "2024-04-08 22:28:46", "receive_time": 1712611726.213, "asks": [[71978.0, 0.01738], [71978.01, 0.00598], [71978.02, 0.0], [71978.03, 0.0], [71978.04, 0.0], [71978.05, 0.0], [71978.06, 0.00587], [71978.07, 0.0], [71978.08, 0.0], [71978.09, 0.0], [71978.1, 0.00598], [71978.11, 0.0], [71978.12, 0.0], [71978.13, 0.0], [71978.14, 0.00598], [71978.15, 0.0], [71978.16, 0.0], [71978.17, 0.0], [71978.18, 0.0], [71978.19, 0.0], [71978.2, 0.0], [71978.21, 0.0], [71978.22, 0.0], [71978.23, 0.0], [71978.24, 0.0], [71978.25, 0.0], [71978.26, 0.0], [71978.27, 0.0], [71978.28, 0.0], [71978.29, 0.0], [71978.3, 0.0], [71978.31, 0.0], [71978.32, 0.0], [71978.33, 0.0], [71978.34, 0.0], [71978.35, 0.0], [71978.36, 0.0], [71978.37, 0.00462], [71978.38, 0.0], [71978.39, 0.0], [71978.4, 0.0], [71978.41, 0.0], [71978.42, 0.0], [71978.43, 0.0], [71978.44, 0.0], [71978.45, 0.0], [71978.46, 0.0], [71978.47, 0.0], [71978.48, 0.0], [71978.49, 0.0], [71978.5, 0.0], [71978.51, 0.0], [71978.52, 0.0], [71978.53, 0.0], [71978.54, 0.0], [71978.55, 0.0], [71978.56, 0.0], [71978.57, 0.0], [71978.58, 0.0], [71978.59, 0.0], [71978.6, 0.0], [71978.61, 0.0], [71978.62, 0.0], [71978.63, 0.0], [71978.64, 0.0], [71978.65, 0.0], [71978.66, 0.0], [71978.67, 0.0], [71978.68, 0.0], [71978.69, 0.0], [71978.7, 0.0], [71978.71, 0.0], [71978.72, 0.0], [71978.73, 0.0], [71978.74, 0.0], [71978.75, 0.0], [71978.76, 0.0], [71978.77, 0.0], [71978.78, 0.0], [71978.79, 0.0], [71978.8, 0.0], [71978.81, 0.0], [71978.82, 0.0], [71978.83, 0.0], [71978.84, 0.0], [71978.85, 0.0004], [71978.87, 0.0], [71978.88, 0.0], [71978.89, 0.0], [71978.9, 0.0], [71978.91, 0.0], [71978.92, 0.0], [71978.93, 0.0], [71978.95, 0.0], [71979.08, 0.0], [71979.19, 0.0], [71979.2, 0.0], [71979.21, 0.0], [71979.22, 0.0], [71979.23, 0.0], [71979.24, 0.0], [71979.25, 0.0], [71979.26, 0.0], [71979.27, 0.0], [71979.28, 0.0], [71979.29, 0.0], [71979.3, 0.0], [71979.31, 0.0], [71979.32, 0.0], [71979.33, 0.0], [71979.34, 0.0], [71979.35, 0.0], [71979.36, 0.0], [71979.37, 0.0], [71979.38, 0.0], [71979.39, 0.0], [71979.4, 0.0], [71979.41, 0.0], [71979.95, 0.0], [71979.96, 0.0], [71979.97, 0.0], [71979.98, 0.0], [71979.99, 0.0], [71980.02, 0.00955], [71980.03, 0.00955], [71980.04, 0.02043], [71980.05, 0.0], [71980.06, 0.0], [71980.07, 0.00043], [71982.43, 0.0], [71982.44, 0.0], [71982.45, 0.0], [71982.46, 0.0], [71982.47, 0.0], [71982.48, 0.0], [71982.49, 0.0], [71982.5, 0.0], [71982.53, 0.0], [71983.65, 0.00695], [71988.09, 0.11347], [71990.17, 0.06959], [72000.0, 0.68139], [72018.81, 2.05525], [72018.82, 0.0], [72018.83, 0.0], [72019.96, 0.0], [72021.43, 0.00348], [72023.4, 0.0007], [72025.36, 0.0], [72062.81, 0.0], [72064.07, 0.00348], [72068.02, 0.00064], [72070.27, 0.0]], "bids": [[71977.01, 0.0], [71977.0, 0.0], [71976.99, 0.0], [71976.98, 0.0], [71976.97, 0.0], [71976.96, 0.0], [71976.95, 0.0], [71976.58, 0.0], [71976.57, 0.0], [71976.51, 0.0], [71976.5, 0.0], [71976.49, 0.0], [71976.48, 0.0], [71976.47, 0.0], [71976.46, 0.0], [71976.45, 0.0], [71976.44, 0.0], [71976.43, 0.0], [71976.42, 0.0], [71975.93, 0.0], [71975.66, 0.0], [71975.65, 0.04], [71975.57, 0.0], [71975.56, 0.0], [71975.54, 0.0], [71975.53, 0.0], [71975.52, 0.0], [71975.51, 0.0], [71975.5, 0.0], [71975.08, 0.0], [71975.07, 0.00016], [71974.98, 0.0], [71974.97, 0.0], [71974.62, 0.0], [71974.61, 0.11391], [71974.41, 0.0], [71972.11, 0.00955], [71970.0, 0.09952], [71968.32, 0.0], [71966.96, 0.0], [71965.55, 0.00695], [71962.34, 0.00041], [71961.61, 0.0], [71961.6, 0.00993], [71960.59, 0.0], [71960.01, 0.2], [71948.18, 0.0], [71947.78, 0.0], [71946.92, 0.03008], [71946.87, 0.001], [71946.06, 0.0], [71945.99, 0.00052], [71945.9, 0.29112], [71944.1, 0.0], [71944.07, 0.0], [71943.44, 0.0], [71942.35, 0.0], [71940.94, 0.0007], [71937.02, 0.11688], [71934.09, 0.01613], [71913.11, 0.00066], [71911.09, 0.0], [71905.24, 0.03], [71904.26, 0.0], [71903.11, 0.0007], [71833.23, 0.00629], [71831.52, 0.0]], "_doc": "7c68d5dd-dea3-4f5c-9aad-089dc56ff15d"}, {"timestamp": "2024-04-08 22:28:45", "receive_time": 1712611725.213, "asks": [[71978.57, 0.0], [71978.58, 0.0], [71978.59, 0.0], [71978.6, 0.0], [71978.61, 0.0], [71978.62, 0.0], [71978.71, 0.0], [71978.72, 0.0], [71978.73, 0.0], [71978.74, 0.0], [71978.75, 0.0], [71978.76, 0.0], [71978.77, 0.0], [71978.78, 0.0], [71978.79, 0.0], [71978.8, 0.0], [71978.81, 0.0], [71978.82, 0.0], [71978.83, 0.0], [71978.84, 0.0], [71978.85, 0.0], [71978.86, 0.0], [71978.87, 0.0], [71978.88, 0.0], [71978.89, 0.0], [71978.9, 0.0], [71978.91, 0.0], [71978.92, 0.04], [71978.93, 0.00302], [71978.94, 0.0], [71978.95, 0.0145], [71979.01, 0.0], [71979.02, 0.0], [71979.03, 0.0], [71979.04, 0.0], [71979.05, 0.0], [71979.06, 0.0], [71979.07, 0.0], [71979.08, 0.00462], [71979.09, 0.0], [71979.1, 0.0], [71979.11, 0.0], [71979.12, 0.0], [71979.13, 0.0], [71979.14, 0.0], [71979.15, 0.0], [71979.16, 0.0], [71979.17, 0.0], [71979.27, 0.0], [71979.28, 0.0], [71979.29, 0.0], [71979.3, 0.0], [71979.31, 0.0], [71979.32, 0.0], [71979.33, 0.0], [71979.34, 0.0], [71979.35, 0.0], [71979.36, 0.0], [71979.37, 0.0], [71979.38, 0.0], [71979.39, 0.0], [71979.4, 0.0], [71979.41, 0.0], [71979.42, 0.00069], [71979.43, 0.0], [71979.44, 0.0], [71979.45, 0.0], [71979.46, 0.0], [71979.47, 0.0], [71979.48, 0.0], [71979.49, 0.0], [71979.61, 0.0], [71979.62, 0.0], [71979.63, 0.0], [71979.64, 0.0], [71979.65, 0.0], [71979.77, 0.0], [71979.78, 0.0], [71979.99, 0.00971], [71980.0, 0.0], [71980.01, 0.0], [71980.02, 0.0], [71980.03, 0.0], [71980.04, 0.0], [71980.05, 0.0], [71980.06, 0.0], [71980.07, 0.00043], [71980.87, 0.0], [71981.54, 0.00044], [71982.05, 0.0], [71982.06, 0.0], [71982.5, 0.00971], [71982.51, 0.0], [71982.52, 0.0], [71982.53, 0.0], [71982.72, 0.0], [71984.17, 0.00042], [71990.12, 0.0], [72018.83, 2.06827], [72018.84, 0.0], [72018.85, 0.0], [72019.96, 0.00348], [72022.9, 0.0], [72043.99, 0.02425], [72062.81, 0.00348], [72066.03, 0.0]], "bids": [[71977.11, 0.0], [71977.1, 0.0], [71977.09, 0.0], [71977.08, 0.0], [71977.07, 0.0], [71977.06, 0.0], [71977.04, 0.0], [71976.97, 0.0], [71976.61, 0.0], [71976.6, 0.0], [71976.59, 0.0], [71976.58, 0.0], [71976.57, 0.0], [71976.56, 0.0], [71976.55, 0.0], [71976.54, 0.0], [71976.53, 0.0], [71976.52, 0.0], [71976.51, 0.0], [71976.5, 0.00302], [71976.49, 0.0], [71976.48, 0.0], [71976.47, 0.0], [71976.46, 0.0], [71976.45, 0.0014], [71976.44, 0.00695], [71976.43, 0.0], [71976.42, 0.04014], [71975.56, 0.00971], [71975.55, 0.0], [71975.54, 0.0], [71975.53, 0.0], [71975.52, 0.0], [71975.51, 0.0], [71975.5, 0.0], [71975.44, 0.0], [71975.14, 0.0], [71975.13, 0.0], [71975.08, 0.0], [71975.07, 0.00016], [71974.98, 0.0], [71974.61, 0.11391], [71974.41, 0.0], [71974.08, 0.0], [71973.03, 0.0], [71973.01, 0.01], [71972.11, 0.0], [71967.79, 0.0], [71967.09, 0.0], [71966.98, 0.0], [71966.58, 0.0], [71964.55, 0.02402], [71963.15, 0.0], [71963.11, 0.0], [71961.61, 0.0], [71961.6, 0.00993], [71960.59, 0.00041], [71959.14, 0.0], [71956.95, 0.03], [71956.45, 0.65682], [71954.17, 0.04282], [71953.97, 0.06], [71948.68, 0.0], [71947.78, 0.001], [71946.92, 0.0452], [71946.67, 0.0], [71946.54, 0.0], [71946.06, 0.08148], [71944.1, 0.00052], [71944.07, 0.00041], [71937.12, 0.0], [71924.44, 0.0], [71923.35, 0.0], [71913.59, 0.0], [71911.09, 0.00052], [71909.57, 0.03], [71905.39, 0.0]], "_doc": "b320642e-052b-4de3-9a74-b0d507aaaa4b"}, {"timestamp": "2024-04-08 22:28:44", "receive_time": 1712611724.213, "asks": [[71979.56, 0.0], [71979.57, 0.0], [71979.58, 0.0], [71979.59, 0.0], [71979.63, 0.0], [71979.64, 0.04], [71979.65, 0.04], [71979.69, 0.0], [71979.7, 0.0], [71979.71, 0.0], [71979.72, 0.0], [71979.76, 0.0], [71979.77, 0.00462], [71979.78, 0.00164], [71979.79, 0.0], [71979.8, 0.0], [71979.81, 0.0], [71979.82, 0.0], [71979.83, 0.0], [71979.84, 0.0], [71979.85, 0.0], [71979.86, 0.0], [71979.87, 0.0], [71979.88, 0.0], [71979.97, 0.0], [71979.98, 0.0], [71979.99, 0.0], [71980.0, 0.0], [71980.01, 0.0], [71980.02, 0.0], [71980.03, 0.0], [71980.04, 0.0], [71980.08, 0.06905], [71980.14, 0.0], [71980.15, 0.0], [71980.16, 0.0], [71980.17, 0.0], [71980.28, 0.0], [71980.29, 0.08691], [71980.58, 0.0], [71980.66, 0.0], [71980.73, 0.0], [71980.87, 0.00069], [71981.49, 0.0], [71981.66, 0.0], [71982.51, 0.00972], [71982.52, 0.0], [71982.53, 0.02043], [71983.41, 9e-05], [71983.49, 0.06959], [71983.91, 0.0], [71983.92, 0.0], [71983.93, 0.0], [71983.94, 0.0], [71983.95, 0.0], [71983.96, 0.0], [71983.97, 0.0], [71983.98, 0.0], [71983.99, 0.0], [71985.25, 0.0], [71985.26, 0.0], [71985.27, 0.03267], [71986.59, 0.05334], [71986.7, 0.0], [71987.2, 0.00693], [71988.34, 0.0], [71988.46, 0.0], [71990.12, 0.06959], [71991.62, 0.0], [71993.26, 0.0001], [72006.9, 0.38571], [72018.85, 2.07199], [72018.86, 0.0], [72018.87, 0.0], [72022.9, 0.00348], [72023.67, 0.0], [72039.99, 0.10239], [72047.85, 0.00126], [72055.06, 0.0001], [72066.03, 0.00348], [72067.13, 0.0]], "bids": [[71977.57, 0.0], [71977.56, 0.0], [71977.55, 0.0], [71977.54, 0.0], [71977.53, 0.0], [71977.52, 0.0], [71977.51, 0.0], [71977.5, 0.0], [71977.49, 0.0], [71977.48, 0.0], [71977.47, 0.0], [71977.46, 0.0], [71977.45, 0.0], [71977.44, 0.0], [71977.43, 0.0], [71977.42, 0.0], [71977.41, 0.0], [71977.4, 0.0], [71977.39, 0.0], [71977.38, 0.0], [71977.37, 0.0], [71977.36, 0.0], [71977.35, 0.0], [71977.34, 0.0], [71977.33, 0.0], [71977.32, 0.0], [71977.31, 0.0], [71977.3, 0.0], [71977.29, 0.0], [71977.28, 0.0], [71977.27, 0.0], [71977.26, 0.0], [71977.25, 0.0], [71977.24, 0.0], [71977.23, 0.0], [71977.22, 0.0], [71977.21, 0.0], [71977.19, 0.0], [71977.07, 0.02042], [71977.06, 0.00587], [71977.05, 0.0], [71977.04, 0.00293], [71977.03, 0.0], [71977.02, 0.0], [71977.01, 0.0], [71977.0, 0.0], [71976.99, 0.0], [71976.98, 0.0], [71976.97, 0.00042], [71976.96, 0.0], [71976.47, 0.00972], [71976.46, 0.0], [71976.45, 0.03], [71976.42, 0.10998], [71975.55, 0.0], [71975.54, 0.0], [71975.53, 0.0], [71975.52, 0.0], [71975.51, 0.0], [71975.5, 0.0], [71975.49, 0.07427], [71975.16, 0.0], [71975.15, 0.0], [71975.14, 0.0], [71975.08, 0.0], [71974.98, 0.0], [71974.74, 0.0], [71972.11, 0.00972], [71971.33, 0.0], [71968.69, 0.06961], [71967.03, 0.0], [71966.98, 0.00695], [71966.82, 0.0], [71963.83, 0.0], [71963.47, 0.0], [71963.32, 0.02769], [71963.15, 0.00041], [71959.13, 0.06962], [71953.35, 0.0], [71948.68, 0.001], [71948.28, 0.0], [71947.03, 0.0], [71946.75, 0.0], [71946.67, 0.00052], [71946.54, 0.00041], [71945.91, 0.17446], [71941.98, 0.29717], [71937.12, 0.66126], [71935.85, 0.002], [71913.85, 0.0], [71913.59, 0.00052], [71911.01, 0.03239], [71833.31, 0.0], [71831.52, 0.00629], [71024.48, 0.0]], "_doc": "f6d27618-8248-432f-9fd7-e72925577149"}, {"timestamp": "2024-04-08 22:28:43", "receive_time": 1712611723.213, "asks": [[71979.38, 0.0], [71979.39, 0.0], [71979.5, 0.0], [71979.51, 0.0], [71979.52, 0.0], [71979.53, 0.0], [71979.54, 0.0], [71979.55, 0.0], [71979.56, 0.0], [71979.57, 0.0], [71979.58, 0.0], [71979.59, 0.0], [71979.6, 0.0], [71979.61, 0.0], [71979.62, 0.0], [71979.63, 0.0], [71979.64, 0.00289], [71979.65, 0.01969], [71979.66, 0.0], [71979.67, 0.0], [71979.68, 0.0], [71979.69, 0.0], [71979.7, 0.0], [71979.71, 0.0], [71979.72, 0.0], [71979.73, 0.0], [71979.74, 0.0], [71979.75, 0.0], [71979.76, 0.0], [71979.77, 0.0], [71979.78, 0.04], [71979.9, 0.0], [71979.91, 0.0], [71979.92, 0.0], [71979.93, 0.0], [71979.94, 0.0], [71979.95, 0.0], [71979.96, 0.0], [71979.97, 0.0], [71979.98, 0.0], [71979.99, 0.0], [71980.0, 0.0989], [71980.14, 0.0], [71980.15, 0.0], [71980.16, 0.0], [71980.17, 0.0], [71980.18, 0.0], [71980.19, 0.0], [71980.2, 0.0], [71980.21, 0.0], [71980.22, 0.0], [71980.23, 0.0], [71980.24, 0.0], [71980.25, 0.0], [71980.26, 0.0], [71980.27, 0.0], [71980.28, 0.0], [71980.29, 0.08705], [71980.44, 0.0], [71980.45, 0.0], [71980.56, 0.0], [71980.57, 0.0], [71980.58, 0.04], [71980.7, 0.0], [71980.71, 0.0], [71980.72, 0.0], [71980.73, 0.02363], [71980.84, 0.0], [71980.87, 0.08076], [71981.31, 0.0], [71981.32, 0.0], [71981.33, 0.0], [71981.34, 0.0], [71981.35, 0.0], [71981.36, 0.0], [71981.37, 0.0], [71981.38, 0.0], [71981.42, 0.0], [71981.43, 0.0], [71981.44, 0.0], [71981.45, 0.0], [71981.46, 0.0], [71981.48, 0.0], [71981.6, 0.0], [71981.79, 0.0], [71982.21, 0.0], [71982.34, 0.0], [71982.72, 0.00044], [71983.68, 0.0], [71983.69, 0.0], [71983.98, 0.0], [71983.99, 0.0097], [71984.28, 0.0], [71984.44, 0.0], [71985.27, 0.02589], [71985.99, 0.0], [71986.6, 0.0], [71986.7, 0.06959], [71988.34, 0.11291], [71989.97, 0.11099], [71992.68, 0.0], [71995.49, 0.0], [71997.24, 0.03], [72006.06, 0.0], [72007.91, 0.0], [72009.34, 0.0], [72020.02, 0.00012], [72023.67, 0.00348], [72025.36, 0.0007], [72026.3, 0.00094], [72029.22, 0.0], [72040.0, 0.17055], [72055.0, 0.0], [72067.13, 0.00348], [72070.0, 0.00062], [72070.15, 0.0], [72070.27, 0.00064], [72074.52, 0.0], [72085.0, 0.0]], "bids": [[71978.41, 0.0], [71978.29, 0.0], [71978.28, 0.0], [71978.27, 0.0], [71978.26, 0.0], [71978.14, 0.0], [71977.23, 0.0], [71977.21, 0.00298], [71977.2, 0.0], [71977.19, 0.04], [71977.13, 0.0], [71977.1, 0.0], [71977.09, 0.0], [71977.08, 0.0], [71977.07, 0.0], [71977.06, 0.0], [71977.05, 0.0], [71977.04, 0.0], [71977.03, 0.0], [71977.02, 0.0], [71976.96, 0.11661], [71976.46, 0.0], [71976.02, 0.0], [71976.01, 0.0], [71976.0, 0.0], [71975.83, 0.0], [71975.82, 0.0], [71975.13, 0.01282], [71975.08, 0.00278], [71974.98, 0.03013], [71974.97, 0.0696], [71974.74, 0.07293], [71974.41, 0.0], [71974.01, 0.0], [71974.0, 0.0989], [71973.56, 0.0], [71972.1, 0.20208], [71968.15, 0.0], [71967.8, 0.0], [71967.46, 0.0], [71967.1, 0.0], [71967.03, 0.00695], [71966.28, 0.00126], [71965.59, 0.0], [71963.83, 0.06961], [71963.47, 0.00041], [71951.48, 0.0], [71949.48, 0.0], [71949.2, 0.0], [71948.73, 0.0], [71948.28, 0.001], [71947.03, 0.00052], [71946.75, 0.00041], [71945.51, 0.0], [71944.49, 0.0], [71943.6, 0.0], [71942.35, 0.0007], [71915.95, 0.0], [71913.85, 0.00052], [71911.01, 0.01672], [71911.0, 0.0574], [71907.1, 0.0], [71904.26, 0.0007], [71024.48, 0.70956]], "_doc": "87ff8ed2-df19-46d2-8088-da395298e3c5"}, {"timestamp": "2024-04-08 22:28:42", "receive_time": 1712611722.213, "asks": [[71979.79, 0.0], [71979.8, 0.0], [71979.81, 0.0], [71979.82, 0.0], [71979.83, 0.0], [71979.84, 0.0], [71979.85, 0.0], [71979.86, 0.0], [71979.87, 0.0], [71979.88, 0.0], [71979.89, 0.0], [71980.73, 0.04], [71980.84, 0.00973], [71980.85, 0.0], [71980.86, 0.0], [71981.38, 0.00973], [71981.39, 0.0], [71981.4, 0.0], [71981.41, 0.0], [71981.42, 0.0], [71981.43, 0.0], [71981.44, 0.0], [71981.45, 0.0], [71981.46, 0.00973], [71981.47, 0.0], [71981.48, 0.0], [71981.49, 0.04], [71981.6, 0.08023], [71981.61, 0.0], [71981.62, 0.0], [71981.63, 0.0], [71981.64, 0.0], [71981.65, 0.0], [71981.66, 0.04], [71981.68, 0.0], [71981.76, 0.0], [71981.77, 0.0], [71981.78, 0.0], [71981.79, 0.04], [71981.91, 0.0], [71981.92, 0.0], [71981.93, 0.0], [71981.94, 0.0], [71981.95, 0.0], [71981.96, 0.0], [71981.97, 0.0], [71981.98, 0.0], [71981.99, 0.0], [71982.0, 0.0], [71982.01, 0.0], [71982.2, 0.0], [71982.21, 0.04], [71982.31, 0.0], [71982.32, 0.0], [71982.33, 0.0], [71982.34, 0.06729], [71982.54, 0.06003], [71982.98, 0.0], [71983.32, 0.0], [71984.0, 0.0989], [71984.21, 0.0], [71984.22, 0.0], [71984.23, 0.0], [71984.24, 0.0], [71984.25, 0.0], [71984.26, 0.0], [71984.27, 0.0], [71984.28, 0.04], [71984.3, 0.0], [71984.4, 0.0], [71984.41, 0.0], [71984.42, 0.0], [71984.43, 0.0], [71984.44, 0.04], [71984.53, 0.0], [71984.54, 0.0], [71984.55, 0.0], [71984.56, 0.0], [71984.57, 0.0], [71984.72, 0.0], [71984.85, 0.0], [71985.0, 0.0], [71985.16, 0.0], [71985.27, 0.03026], [71985.72, 0.0], [71985.99, 0.0], [71986.0, 0.0989], [71986.59, 0.05575], [71986.6, 0.06959], [71987.38, 0.0], [71987.39, 0.0], [71987.4, 0.0], [71987.46, 0.0], [71987.5, 0.0], [71987.59, 0.0], [71989.11, 0.00695], [71991.62, 0.06959], [71991.7, 0.00016], [71993.36, 0.0014], [71994.65, 0.0002], [71999.55, 0.03], [72000.0, 0.78029], [72000.79, 0.0], [72001.99, 0.03871], [72002.0, 0.0], [72003.8, 0.95447], [72003.82, 0.03], [72003.99, 0.0], [72004.0, 0.0], [72007.78, 0.0], [72010.0, 0.00062], [72011.79, 0.0], [72013.1, 0.22267], [72013.73, 0.00198], [72014.52, 0.0], [72016.78, 0.01451], [72018.87, 2.07553], [72019.49, 0.0], [72019.99, 0.0], [72020.45, 0.0], [72022.61, 0.0], [72026.3, 0.00442], [72028.19, 0.0], [72031.87, 0.0], [72037.19, 0.17968], [72039.18, 0.06038], [72040.0, 0.18443], [72046.43, 0.0], [72046.44, 0.0], [72055.0, 0.01388], [72070.0, 0.0145], [72070.15, 0.00348], [72072.47, 0.0], [72085.0, 0.01387], [72770.61, 0.70058]], "bids": [[71982.79, 0.0], [71982.45, 0.0], [71982.44, 0.0], [71982.43, 0.0], [71982.42, 0.0], [71982.41, 0.0], [71982.4, 0.0], [71982.39, 0.0], [71982.38, 0.0], [71982.37, 0.0], [71982.36, 0.0], [71982.35, 0.0], [71982.34, 0.0], [71982.32, 0.0], [71981.91, 0.0], [71981.9, 0.0], [71981.75, 0.0], [71981.65, 0.0], [71981.56, 0.0], [71981.44, 0.0], [71980.27, 0.0], [71980.26, 0.0], [71980.15, 0.0], [71980.14, 0.0], [71980.13, 0.0], [71980.12, 0.0], [71980.1, 0.0], [71980.09, 0.0], [71980.0, 0.0], [71979.82, 0.0], [71979.28, 0.0], [71978.87, 0.0], [71978.79, 0.0], [71978.42, 0.0], [71978.41, 0.04], [71978.29, 0.0], [71978.28, 0.0], [71978.27, 0.0], [71978.26, 0.0386], [71978.15, 0.0], [71978.14, 0.0014], [71978.03, 0.0], [71978.02, 0.0], [71978.01, 0.0], [71978.0, 0.0], [71977.37, 0.0], [71977.23, 0.10904], [71977.09, 0.07811], [71976.13, 0.0], [71975.83, 0.0], [71974.41, 0.02043], [71972.33, 0.0], [71972.1, 0.0], [71972.0, 0.19031], [71971.26, 0.0002], [71970.27, 0.0], [71970.01, 0.0], [71968.15, 0.00695], [71966.91, 0.0], [71966.84, 0.0], [71966.83, 0.0], [71965.59, 0.00041], [71963.84, 0.0], [71963.33, 0.0], [71958.11, 0.0], [71957.48, 0.0], [71957.41, 0.0], [71953.79, 0.0], [71953.35, 0.67959], [71951.48, 0.001], [71950.6, 0.0], [71949.9, 0.0], [71949.2, 0.00052], [71948.73, 0.00041], [71946.92, 0.03008], [71928.38, 0.0], [71924.45, 0.0], [71921.16, 0.03632], [71921.15, 0.06038], [71917.27, 0.0], [71915.95, 0.00052], [71911.0, 0.0713], [71860.0, 0.11776], [71802.25, 0.0], [71802.24, 0.0], [71801.08, 0.12], [71783.53, 0.0], [71658.55, 0.2089], [71169.64, 0.70339]], "_doc": "ca350b57-02ad-4377-9f61-b76c6e6d78ea"}, {"timestamp": "2024-04-08 22:28:41", "receive_time": 1712611721.213, "asks": [[71983.51, 0.0], [71983.92, 0.0], [71983.93, 0.0], [71983.94, 0.0], [71983.95, 0.0], [71983.96, 0.0], [71984.03, 0.0], [71984.04, 0.0], [71984.05, 0.0], [71984.06, 0.0], [71984.07, 0.0], [71984.08, 0.0], [71984.09, 0.0], [71984.1, 0.0], [71984.11, 0.0], [71984.12, 0.0], [71984.21, 0.0], [71984.22, 0.0], [71984.24, 0.0], [71984.25, 0.0], [71984.34, 0.0], [71984.54, 0.0], [71984.56, 0.01074], [71984.57, 0.04], [71984.66, 0.0], [71984.67, 0.0], [71984.68, 0.0], [71984.69, 0.0], [71984.7, 0.0], [71984.71, 0.0], [71984.72, 0.04], [71984.84, 0.0], [71984.85, 0.04], [71984.97, 0.0], [71984.98, 0.0], [71984.99, 0.0], [71985.0, 0.04], [71985.12, 0.0], [71985.13, 0.0], [71985.14, 0.0], [71985.15, 0.0], [71985.16, 0.04], [71985.27, 0.0], [71987.4, 0.00974], [71987.41, 0.0], [71987.42, 0.0], [71987.43, 0.0], [71987.44, 0.0], [71987.45, 0.0], [71987.46, 0.02042], [71987.47, 0.0], [71987.48, 0.0], [71987.49, 0.0], [71988.0, 0.0989], [71989.87, 0.0], [71989.88, 0.0], [71989.89, 0.0], [72027.63, 0.0], [72028.19, 0.00348], [72029.22, 0.0007], [72029.35, 0.0], [72072.47, 0.00348], [72073.05, 0.0], [72074.07, 0.0], [72074.52, 0.00064], [72633.87, 0.67467]], "bids": [[71985.09, 0.0], [71982.91, 0.0], [71982.81, 0.0], [71982.8, 0.0], [71982.79, 0.02482], [71982.68, 0.0], [71982.67, 0.0], [71982.66, 0.0], [71982.65, 0.0], [71982.64, 0.0], [71982.63, 0.0], [71982.62, 0.0], [71982.61, 0.0], [71982.6, 0.0], [71982.59, 0.0], [71982.58, 0.0], [71982.57, 0.0], [71982.56, 0.0], [71982.55, 0.0], [71982.54, 0.0], [71982.53, 0.0], [71982.52, 0.0], [71982.51, 0.0], [71982.5, 0.0], [71982.49, 0.0], [71982.48, 0.0], [71982.47, 0.0], [71982.46, 0.0], [71982.45, 0.0], [71982.44, 0.0], [71982.43, 0.0], [71982.42, 0.0], [71982.41, 0.0], [71982.4, 0.0], [71982.39, 0.0], [71982.38, 0.0], [71982.37, 0.0], [71982.36, 0.0], [71982.35, 0.0], [71982.34, 0.00974], [71982.33, 0.0], [71982.2, 0.0], [71981.91, 0.0], [71981.75, 0.00044], [71980.21, 0.0], [71980.2, 0.0], [71980.19, 0.0], [71980.18, 0.0], [71980.17, 0.0], [71980.16, 0.0], [71980.12, 0.00978], [71980.11, 0.0], [71980.1, 0.0], [71972.33, 0.00695], [71967.45, 0.0], [71966.91, 0.00041], [71953.79, 0.001], [71953.65, 0.0], [71951.22, 0.0], [71950.6, 0.00052], [71950.26, 0.0], [71949.9, 0.00041], [71945.51, 0.0007], [71943.68, 0.0], [71917.8, 0.0], [71917.27, 0.00052], [71907.1, 0.0007], [71905.16, 0.0], [71837.92, 0.0], [71833.31, 0.00629], [71285.77, 0.67853]], "_doc": "5876bf46-1b1a-4b95-b464-cf53f2b3fed9"}, {"timestamp": "2024-04-08 22:28:40", "receive_time": 1712611720.212, "asks": [[71984.21, 0.03677], [71984.22, 0.00594], [71984.23, 0.0], [71984.24, 0.00294], [71984.25, 0.00609], [71984.26, 0.0], [71984.27, 0.0], [71984.28, 0.0], [71984.29, 0.0], [71984.3, 0.0], [71984.31, 0.0], [71984.32, 0.0], [71984.33, 0.0], [71984.34, 0.04], [71984.46, 0.0], [71984.47, 0.0], [71984.48, 0.0], [71984.49, 0.0], [71984.5, 0.0], [71984.51, 0.0], [71984.52, 0.0], [71984.53, 0.0], [71984.54, 0.04], [71984.61, 0.0], [71984.62, 0.0], [71984.63, 0.0], [71984.64, 0.0], [71984.65, 0.0], [71984.66, 0.0], [71984.67, 0.04], [71984.79, 0.0], [71984.8, 0.0], [71984.81, 0.0], [71984.82, 0.0], [71984.83, 0.0], [71984.84, 0.0], [71984.85, 0.04], [71984.93, 0.0], [71984.94, 0.0], [71984.95, 0.0], [71984.96, 0.0], [71984.97, 0.0], [71984.98, 0.04], [71985.02, 0.0], [71985.03, 0.0], [71985.04, 0.0], [71985.05, 0.0], [71985.06, 0.0], [71985.07, 0.0], [71985.08, 0.0], [71985.09, 0.0], [71985.1, 0.0], [71985.11, 0.0], [71985.23, 0.0], [71985.24, 0.0], [71985.25, 0.0], [71985.26, 0.0], [71985.27, 0.0], [71985.28, 0.06959], [71985.41, 0.0], [71985.42, 0.0], [71985.53, 0.0], [71985.54, 0.0], [71985.55, 0.0], [71985.56, 0.0], [71985.57, 0.0], [71985.58, 0.0], [71985.59, 0.0], [71985.6, 0.0], [71985.61, 0.0], [71985.62, 0.0], [71985.63, 0.0], [71985.64, 0.0], [71985.65, 0.0], [71985.66, 0.0], [71985.67, 0.0], [71985.68, 0.0], [71985.69, 0.0], [71985.7, 0.0], [71985.71, 0.0], [71985.72, 0.068], [71985.73, 0.0], [71985.74, 0.0], [71985.75, 0.0], [71985.76, 0.0], [71985.77, 0.0], [71985.78, 0.0], [71985.79, 0.0], [71985.8, 0.0], [71985.81, 0.0], [71985.82, 0.0], [71985.83, 0.0], [71985.84, 0.0], [71985.85, 0.0], [71985.86, 0.0], [71985.87, 0.0], [71985.88, 0.0], [71986.0, 0.0], [71986.01, 0.0], [71986.47, 0.0], [71987.5, 0.04686], [71987.51, 0.0], [71987.52, 0.0], [71987.59, 0.06959], [71987.63, 0.0], [71987.64, 0.0002], [71987.66, 0.0], [71987.78, 0.0], [71988.04, 0.0], [71989.89, 0.00978], [71989.9, 0.0], [71989.91, 0.0], [71989.92, 0.0], [71989.93, 0.0], [71989.94, 0.0], [71989.95, 0.0], [71989.96, 0.0], [71989.97, 0.0], [71989.98, 0.0], [71991.54, 0.05065], [71991.55, 0.0], [71992.48, 0.0], [71993.36, 0.07099], [71995.44, 0.0], [72027.21, 0.0], [72029.35, 0.00348], [72072.22, 0.0], [72074.07, 0.00348], [72497.78, 0.63592]], "bids": [[71984.63, 0.0], [71984.62, 0.0], [71984.61, 0.0], [71984.59, 0.0], [71984.58, 0.0], [71982.62, 0.0], [71982.61, 0.0], [71982.6, 0.0], [71982.59, 0.0], [71982.58, 0.0], [71982.57, 0.0], [71982.56, 0.0], [71982.46, 0.0], [71982.45, 0.0], [71982.44, 0.0], [71982.32, 0.04], [71982.21, 0.0], [71982.2, 0.00695], [71982.19, 0.0], [71982.08, 0.0], [71982.02, 0.0], [71982.0, 0.0], [71981.99, 0.0], [71981.97, 0.0], [71981.96, 0.0], [71981.91, 0.0], [71980.16, 0.00978], [71980.15, 0.0], [71980.14, 0.0], [71980.13, 0.0], [71980.12, 0.0], [71980.11, 0.0], [71980.1, 0.00978], [71978.87, 9e-05], [71972.45, 0.0], [71967.8, 0.01446], [71967.45, 0.00041], [71966.82, 0.20074], [71964.9, 0.0], [71953.66, 0.0], [71953.65, 0.001], [71951.22, 0.00052], [71950.26, 0.00041], [71948.76, 0.0], [71947.59, 0.0], [71917.8, 0.00052], [71915.32, 0.0], [71425.38, 0.63573]], "_doc": "d4f9278a-d150-4744-abe7-8d26adc4cdde"}, {"timestamp": "2024-04-08 22:28:39", "receive_time": 1712611719.212, "asks": [[71984.2, 0.0], [71984.32, 0.0], [71984.38, 0.0], [71984.39, 0.0], [71984.53, 0.0], [71984.73, 0.0], [71985.41, 0.0], [71985.54, 0.0], [71985.55, 0.0], [71985.56, 0.0], [71985.57, 0.0], [71985.58, 0.0], [71985.59, 0.0], [71985.6, 0.0], [71985.61, 0.0], [71985.62, 0.0], [71985.67, 0.0], [71985.76, 0.0], [71985.77, 0.0], [71985.78, 0.0], [71985.79, 0.0], [71985.8, 0.0], [71985.81, 0.0], [71985.82, 0.0], [71986.37, 0.0], [71987.51, 0.03677], [71987.52, 0.04], [71987.63, 0.00303], [71987.64, 0.0], [71987.65, 0.0], [71987.66, 0.04], [71987.77, 0.0], [71987.78, 0.00049], [71987.79, 0.0], [71987.8, 0.0], [71987.81, 0.0], [71987.82, 0.0], [71987.83, 0.0], [71988.21, 0.0], [71988.22, 0.0], [71988.23, 0.0], [71988.46, 0.0], [71988.47, 0.0], [71988.48, 0.0], [71988.49, 0.0], [71988.5, 0.0], [71988.51, 0.0], [71988.52, 0.0], [71988.53, 0.0], [71988.54, 0.0], [71988.62, 0.0], [71988.63, 0.0], [71988.64, 0.0], [71988.65, 0.0], [71988.66, 0.0], [71988.67, 0.0], [71988.68, 0.0], [71988.69, 0.0], [71988.7, 0.0], [71988.72, 0.0], [71988.73, 0.0], [71989.98, 0.00981], [71989.99, 0.0], [71991.55, 0.23622], [71995.44, 0.0098], [72027.21, 0.00348], [72027.63, 0.0007], [72029.56, 0.0], [72030.31, 0.0], [72072.22, 0.00348], [72073.05, 0.00064], [72074.75, 0.0], [72075.7, 0.0], [72384.73, 0.59748]], "bids": [[71984.8, 0.0], [71984.79, 0.0], [71984.78, 0.0], [71984.77, 0.0], [71984.76, 0.0], [71984.75, 0.0], [71984.74, 0.0], [71984.73, 0.0], [71984.72, 0.0], [71984.71, 0.0], [71984.7, 0.0], [71984.69, 0.0], [71984.68, 0.0], [71984.67, 0.0], [71984.66, 0.0], [71984.65, 0.0], [71984.64, 0.0], [71984.63, 0.0], [71984.62, 0.16], [71984.61, 0.16], [71984.6, 0.0], [71984.59, 0.16], [71984.58, 0.16], [71984.57, 0.0], [71984.37, 0.0], [71982.58, 0.01961], [71982.57, 0.16], [71982.56, 0.0436], [71982.47, 0.0], [71982.46, 0.16], [71982.45, 0.16], [71982.44, 0.04009], [71982.2, 0.16], [71982.19, 0.2], [71982.11, 0.0], [71982.09, 0.0], [71982.08, 0.16], [71982.07, 0.0], [71982.06, 0.0], [71981.94, 0.0], [71981.93, 0.0], [71981.91, 0.0], [71981.9, 0.04], [71981.75, 0.0], [71981.74, 0.0], [71981.72, 0.0], [71981.65, 0.08278], [71981.6, 0.0], [71981.59, 0.0], [71981.58, 0.0], [71981.57, 0.0], [71981.56, 0.04], [71981.27, 0.0], [71980.77, 0.0], [71980.09, 0.11418], [71972.45, 0.00695], [71969.25, 0.0], [71966.96, 0.0], [71964.9, 0.00041], [71958.11, 0.40638], [71957.41, 0.67727], [71953.66, 0.001], [71953.11, 0.0], [71950.93, 0.0], [71949.57, 0.0], [71948.76, 0.00052], [71947.59, 0.00041], [71946.92, 0.0], [71946.69, 0.0], [71946.43, 0.0], [71943.68, 0.0007], [71917.51, 0.0], [71915.32, 0.00052], [71907.93, 0.0], [71907.0, 0.0], [71905.16, 0.0007], [71841.49, 0.0], [71837.92, 0.00629], [71825.31, 0.0], [71561.35, 0.60572]], "_doc": "06d9ebf5-c219-49af-abf1-d82419e89894"}, {"timestamp": "2024-04-08 22:28:38", "receive_time": 1712611718.212, "asks": [[71984.2, 0.04], [71984.32, 0.00157], [71984.33, 0.0], [71984.34, 0.0], [71984.35, 0.0], [71984.36, 0.0], [71984.37, 0.0], [71984.38, 0.00353], [71984.39, 0.04], [71984.51, 0.0], [71984.52, 0.0], [71984.53, 0.04], [71984.65, 0.0], [71984.66, 0.0], [71984.67, 0.0], [71984.68, 0.0], [71984.69, 0.0], [71984.7, 0.0], [71984.71, 0.0], [71984.72, 0.0], [71985.62, 0.0098], [71985.63, 0.0], [71985.64, 0.0], [71985.65, 0.0], [71985.66, 0.0], [71985.67, 0.0098], [71985.68, 0.0], [71985.69, 0.0], [71985.7, 0.0], [71985.71, 0.0], [71985.72, 0.0], [71985.73, 0.0], [71985.74, 0.0], [71985.75, 0.0], [71985.77, 0.0], [71985.78, 0.0], [71985.81, 0.0], [71988.54, 0.0098], [71988.55, 0.0], [71988.56, 0.0], [71988.57, 0.0], [71988.58, 0.0], [71988.59, 0.0], [71988.6, 0.0], [71988.61, 0.0], [71988.62, 0.0], [71988.63, 0.0], [71988.64, 0.0], [71988.65, 0.0], [71988.66, 0.0], [71988.67, 0.0], [71988.68, 0.0], [71988.69, 0.0], [71988.7, 0.0098], [71988.71, 0.0], [71995.76, 0.07048], [72003.99, 0.41045], [72099.98, 0.18495], [72286.47, 0.55975]], "bids": [[71982.45, 0.0], [71982.44, 0.0], [71982.43, 0.0], [71982.42, 0.0], [71982.41, 0.0], [71982.3, 0.0], [71982.29, 0.0], [71982.28, 0.0], [71982.27, 0.0], [71982.26, 0.0], [71982.25, 0.0], [71982.24, 0.0], [71982.23, 0.0], [71982.22, 0.0], [71982.21, 0.0], [71982.2, 0.0], [71982.19, 0.0], [71982.18, 0.0], [71982.17, 0.0], [71982.16, 0.0], [71982.15, 0.0], [71982.14, 0.0], [71982.13, 0.0], [71982.12, 0.0], [71982.11, 0.0], [71982.07, 0.00295], [71982.06, 0.00307], [71982.05, 0.0], [71982.04, 0.0], [71982.03, 0.0], [71982.02, 0.16], [71982.01, 0.0], [71982.0, 0.16], [71981.99, 0.16], [71981.98, 0.0], [71981.97, 0.16], [71981.96, 0.16], [71981.95, 0.0], [71981.94, 0.16], [71981.93, 0.00695], [71981.92, 0.0], [71981.91, 0.16], [71981.9, 0.2], [71981.72, 0.16], [71981.57, 0.16], [71981.44, 0.04], [71981.35, 0.0], [71981.34, 0.0], [71981.33, 0.0], [71981.32, 0.0], [71981.31, 0.0], [71981.3, 0.0], [71981.29, 0.0], [71972.45, 0.0], [71972.42, 0.0], [71955.83, 0.0], [71953.11, 0.001], [71946.92, 0.11603], [71946.69, 0.19324], [71935.1, 0.0], [71679.55, 0.55426]], "_doc": "e4fd094d-bd24-49af-ae73-8b43df8c8cfa"}, {"timestamp": "2024-04-08 22:28:37", "receive_time": 1712611717.212, "asks": [[71983.15, 0.0], [71983.16, 0.0], [71983.28, 0.0], [71984.36, 0.0], [71984.37, 0.0], [71984.38, 0.0], [71984.39, 0.0], [71984.4, 0.0], [71984.48, 0.0], [71984.49, 0.0], [71984.5, 0.0], [71984.51, 0.0], [71984.52, 0.0], [71984.53, 0.0], [71984.65, 0.0], [71984.66, 0.0], [71984.67, 0.0], [71984.68, 0.00264], [71984.69, 0.00282], [71984.7, 0.00295], [71984.71, 0.00295], [71984.72, 0.00299], [71984.73, 0.04], [71984.85, 0.0], [71984.86, 0.0], [71984.87, 0.0], [71984.88, 0.0], [71984.89, 0.0], [71984.9, 0.0], [71985.72, 0.0098], [71985.73, 0.0], [71985.74, 0.0], [71985.75, 0.0], [71985.76, 0.00044], [71985.77, 0.0], [71985.78, 0.0098], [71985.79, 0.0], [71985.8, 0.0], [71985.81, 0.00043], [71986.67, 0.0], [71986.69, 0.0], [71986.7, 0.0], [71988.58, 0.0], [71988.64, 0.0098], [71988.65, 0.0], [71988.66, 0.0], [71988.67, 0.0], [71988.68, 0.0], [71988.69, 0.0], [71988.7, 0.0098], [71988.71, 0.0], [71989.99, 0.0], [71992.68, 0.11132], [71995.69, 0.14548], [71995.7, 0.12604], [71995.72, 0.13207], [71995.73, 0.13662], [71995.74, 0.13289], [71996.69, 0.0], [72002.27, 0.02348], [72029.56, 0.00348], [72030.14, 0.0], [72034.15, 0.0], [72034.8, 0.0], [72074.75, 0.00348], [72075.36, 0.0], [72175.01, 0.49972], [72175.51, 0.0]], "bids": [[71984.62, 0.0], [71983.55, 0.0], [71983.24, 0.0], [71983.17, 0.0], [71982.13, 0.02043], [71982.12, 0.04], [71982.11, 0.00301], [71982.1, 0.0], [71982.09, 0.0], [71982.08, 0.0], [71982.07, 0.00294], [71982.06, 0.0], [71982.05, 0.0], [71982.04, 0.0], [71982.03, 0.00295], [71982.02, 0.0], [71982.01, 0.0], [71982.0, 0.0], [71981.99, 0.00295], [71981.98, 0.0], [71981.97, 0.0], [71981.96, 0.0], [71981.95, 0.00299], [71981.94, 0.0], [71981.93, 0.0], [71981.92, 0.0], [71981.91, 0.0], [71981.9, 0.04], [71981.81, 0.0], [71981.8, 0.0], [71981.79, 0.0], [71981.78, 0.0], [71981.77, 0.0], [71981.76, 0.0], [71981.75, 0.16], [71981.74, 0.16], [71981.73, 0.0], [71981.72, 0.2], [71981.62, 0.0], [71981.61, 0.0], [71981.6, 0.0036], [71981.59, 0.16], [71981.58, 0.16], [71981.57, 0.16462], [71981.56, 0.2], [71981.44, 0.2], [71981.36, 0.0], [71981.35, 0.16], [71981.34, 0.16], [71981.33, 0.16], [71981.32, 0.16], [71981.31, 0.16], [71981.3, 0.16], [71981.29, 0.16695], [71981.28, 0.0], [71981.27, 0.04], [71981.15, 0.0], [71981.14, 0.0], [71980.77, 0.08018], [71980.11, 0.0], [71980.09, 0.15418], [71979.93, 0.0], [71979.16, 0.0], [71977.71, 0.0], [71973.56, 0.00126], [71971.33, 0.06961], [71967.8, 0.01446], [71967.48, 0.0], [71966.96, 0.00041], [71956.14, 0.0], [71955.83, 0.001], [71954.74, 0.0], [71954.38, 0.0], [71953.99, 0.22267], [71951.52, 0.0], [71950.93, 0.00052], [71950.05, 0.0], [71949.57, 0.00041], [71945.6, 0.0], [71918.13, 0.0], [71917.51, 0.00052], [71898.33, 0.0], [71892.75, 0.0], [71781.98, 0.50126], [71694.4, 0.2089]], "_doc": "57334f89-3285-4c0c-b51d-c2b8d1078aaf"}, {"timestamp": "2024-04-08 22:28:36", "receive_time": 1712611716.212, "asks": [[71982.05, 0.0], [71983.15, 0.0], [71983.16, 0.04], [71983.27, 0.0], [71983.28, 0.00462], [71983.29, 0.0], [71983.3, 0.0], [71983.31, 0.0], [71983.32, 0.0], [71984.13, 0.0], [71984.88, 0.00997], [71984.89, 0.00997], [71984.9, 0.02043], [71984.91, 0.0], [71984.92, 0.0], [71984.93, 0.0], [71985.82, 0.06959], [71986.37, 0.07224], [71986.67, 0.00997], [71986.68, 0.0], [71986.69, 0.00043], [71986.7, 0.04], [71986.8, 0.0], [71986.81, 0.0], [71986.82, 0.0], [71986.83, 0.0], [71986.84, 0.0], [71986.95, 0.0], [71986.96, 0.0], [71986.97, 0.0], [71987.09, 0.0], [71987.1, 0.0], [71987.19, 0.0], [71987.23, 0.0], [71987.36, 0.0], [71988.2, 0.0], [71988.21, 0.0], [71988.22, 0.0], [71988.23, 0.0], [71988.35, 0.0], [71988.36, 0.0], [71988.37, 0.0], [71988.38, 0.0], [71988.39, 0.0], [71988.54, 0.0], [71988.55, 0.0], [71988.56, 0.0], [71988.57, 0.0], [71988.64, 0.0], [71988.65, 0.0], [71988.66, 0.0], [71988.67, 0.0], [71988.68, 0.0], [71988.72, 0.04175], [71989.21, 0.00042], [71989.43, 0.0], [71989.98, 0.0], [71989.99, 0.0], [71990.32, 0.0], [71991.54, 0.00117], [71991.55, 0.05939], [71992.48, 0.06959], [71993.2, 0.0], [71995.31, 0.0004], [71996.67, 0.0], [72000.12, 0.02127], [72001.99, 0.05941], [72004.43, 0.74495], [72006.0, 0.058], [72007.68, 0.00693], [72011.8, 0.09141], [72012.8, 0.00693], [72016.78, 0.0], [72017.37, 0.0], [72019.49, 1.2217], [72021.0, 0.0], [72022.6, 0.0], [72025.15, 0.1948], [72029.83, 0.0], [72030.14, 0.00348], [72030.31, 0.0007], [72031.15, 0.0], [72034.89, 0.0], [72060.32, 0.00242], [72075.08, 0.0], [72075.36, 0.00348], [72075.7, 0.00064], [72076.25, 0.0], [72094.87, 0.24982], [72096.15, 0.41983], [72098.09, 0.0]], "bids": [[71984.93, 0.0], [71984.92, 0.0], [71984.33, 0.0], [71984.32, 0.0], [71984.31, 0.0], [71984.3, 0.0], [71984.29, 0.0], [71984.28, 0.0], [71984.27, 0.0], [71984.26, 0.0], [71984.12, 0.0], [71984.01, 0.0], [71984.0, 0.0], [71983.31, 0.0], [71983.3, 0.0], [71983.29, 0.0], [71983.28, 0.0], [71983.1, 0.0], [71982.98, 0.0], [71982.97, 0.0], [71982.96, 0.0], [71982.95, 0.0], [71982.94, 0.0], [71982.93, 0.0], [71982.92, 0.0], [71982.91, 0.0], [71982.9, 0.0], [71982.89, 0.0], [71982.88, 0.0], [71982.81, 0.0], [71982.08, 0.0], [71982.01, 0.0], [71981.27, 0.2], [71981.22, 0.0], [71981.15, 0.16], [71981.14, 0.16], [71980.11, 0.02042], [71980.1, 0.0], [71980.09, 0.04012], [71979.82, 0.0004], [71979.48, 0.0], [71979.28, 0.0696], [71979.16, 0.08101], [71978.18, 0.0], [71977.84, 0.0], [71976.0, 0.0989], [71974.93, 0.0], [71973.21, 0.0], [71973.2, 0.0], [71972.09, 0.06961], [71968.66, 0.0], [71967.48, 0.00041], [71966.58, 0.0], [71966.57, 0.74495], [71966.53, 0.0], [71964.55, 0.0], [71957.15, 0.0], [71956.14, 0.001], [71954.12, 0.0], [71952.81, 0.0], [71951.52, 0.00052], [71951.26, 0.0], [71950.82, 0.0], [71950.05, 0.00041], [71946.43, 0.0007], [71946.19, 0.0], [71944.49, 0.1803], [71944.48, 0.0], [71941.12, 0.00694], [71937.01, 0.025], [71935.1, 0.65197], [71931.52, 0.00242], [71919.57, 0.0], [71918.13, 0.00052], [71907.93, 0.0007], [71907.82, 0.0], [71907.0, 0.0002], [71898.33, 0.23999], [71892.75, 0.01667], [71858.01, 0.25354], [71858.0, 0.42256], [71856.51, 0.0], [71829.84, 0.02739], [71827.85, 0.02441], [71803.25, 0.0], [71802.25, 0.2088], [71767.34, 0.0]], "_doc": "24a7cc39-593b-4a6a-a7d4-d5e8312e9cfe"}, {"timestamp": "2024-04-08 22:28:35", "receive_time": 1712611715.212, "asks": [[71986.05, 0.0], [71986.06, 0.0], [71986.07, 0.0], [71986.08, 0.0], [71986.2, 0.0], [71986.21, 0.0], [71986.22, 0.0], [71986.23, 0.0], [71986.24, 0.0], [71986.25, 0.0], [71986.26, 0.0], [71986.27, 0.0], [71986.28, 0.0], [71986.38, 0.0], [71986.39, 0.0], [71986.4, 0.0], [71986.41, 0.0], [71986.43, 0.0], [71986.53, 0.0], [71986.54, 0.0], [71986.56, 0.0], [71986.67, 0.0], [71986.83, 0.0], [71987.09, 0.03881], [71987.1, 0.04], [71987.22, 0.0], [71987.23, 0.04], [71987.32, 0.0], [71987.33, 0.0], [71987.34, 0.0], [71987.35, 0.0], [71987.36, 0.00043], [71987.37, 0.0], [71987.41, 0.0], [71988.22, 0.0], [71988.23, 0.0], [71988.58, 0.00044], [71988.66, 0.0], [71988.67, 0.0], [71988.68, 0.00997], [71988.69, 0.0], [71988.7, 0.0], [71988.71, 0.0], [71988.72, 0.0], [71989.89, 0.0], [71989.9, 0.0], [71989.94, 0.0], [71989.95, 0.0], [71989.96, 0.0], [71989.97, 0.0], [71989.98, 0.0], [71989.99, 0.00997], [71995.49, 0.11395], [71998.46, 0.0], [72029.49, 0.0], [72031.15, 0.00348], [72037.2, 0.29933], [72039.99, 0.0], [72074.41, 0.0], [72076.25, 0.00348]], "bids": [[71986.33, 0.0], [71986.28, 0.0], [71985.37, 0.0], [71984.92, 0.00069], [71984.26, 0.00997], [71984.25, 0.0], [71984.24, 0.0], [71984.12, 0.04], [71984.01, 0.16], [71984.0, 0.16], [71983.31, 0.18043], [71983.3, 0.07705], [71983.29, 0.16], [71983.28, 0.04], [71983.16, 0.0], [71983.15, 0.0], [71983.13, 0.0], [71983.12, 0.0], [71983.11, 0.0], [71983.1, 0.04], [71983.03, 0.0], [71983.02, 0.0], [71983.01, 0.0], [71983.0, 0.0], [71982.99, 0.0], [71982.98, 0.16], [71982.97, 0.16], [71982.96, 0.16], [71982.95, 0.16], [71982.94, 0.16], [71982.93, 0.16], [71982.92, 0.16], [71982.91, 0.16], [71982.9, 0.16], [71982.89, 0.16], [71982.88, 0.16], [71982.87, 0.0], [71982.86, 0.0], [71982.85, 0.0], [71982.84, 0.0], [71982.83, 0.0], [71982.82, 0.0], [71982.8, 0.0], [71982.79, 0.0], [71982.78, 0.0], [71982.77, 0.0], [71982.76, 0.0], [71982.75, 0.0], [71982.74, 0.0], [71982.73, 0.0], [71982.72, 0.0], [71982.54, 0.0], [71980.83, 0.0], [71979.48, 0.0696], [71974.93, 0.00695], [71973.22, 0.0], [71972.32, 0.0], [71968.66, 0.00041], [71967.22, 0.0], [71957.1, 0.0], [71954.12, 0.001], [71953.67, 0.0], [71952.81, 0.00052], [71951.43, 0.0], [71951.26, 0.00041], [71949.86, 0.0], [71943.6, 0.30046], [71941.12, 0.24918], [71919.57, 0.00052], [71918.28, 0.0], [71908.62, 0.0], [71841.89, 0.0167], [71841.49, 0.00629], [71837.91, 0.35022]], "_doc": "8a9ddbea-6d47-410f-aa9f-4e28ab25db6b"}, {"timestamp": "2024-04-08 22:28:34", "receive_time": 1712611714.212, "asks": [[71984.46, 0.0], [71984.57, 0.0], [71984.58, 0.0], [71984.7, 0.0], [71984.71, 0.0], [71984.72, 0.0], [71984.75, 0.0], [71984.76, 0.0], [71984.92, 0.0], [71985.63, 0.0], [71986.4, 0.03889], [71986.41, 0.00303], [71986.42, 0.0], [71986.43, 0.04], [71986.53, 0.0], [71986.54, 0.00299], [71986.55, 0.0], [71986.56, 0.04], [71986.64, 0.0], [71986.65, 0.0], [71986.66, 0.0], [71986.67, 0.0], [71986.68, 0.0], [71986.69, 0.0], [71986.79, 0.0], [71986.8, 0.0], [71986.81, 0.0], [71986.82, 0.0], [71986.83, 0.00134], [71986.84, 0.0], [71986.85, 0.0], [71986.97, 0.0], [71986.98, 0.0], [71987.08, 0.0], [71987.09, 0.0], [71987.1, 0.0], [71987.11, 0.0], [71987.12, 0.0], [71987.13, 0.0], [71987.14, 0.0], [71987.15, 0.0], [71987.16, 0.0], [71987.27, 0.0], [71987.28, 0.0], [71987.29, 0.0], [71987.3, 0.0], [71987.31, 0.0], [71987.32, 0.0], [71987.33, 0.0], [71987.34, 0.0], [71987.35, 0.0], [71987.36, 0.0], [71988.68, 0.00999], [71988.69, 0.0], [71988.7, 0.0], [71988.71, 0.0], [71988.72, 0.0], [71988.73, 0.06959], [71989.9, 0.00999], [71989.91, 0.0], [71989.92, 0.0], [71989.93, 0.0], [71989.94, 0.0], [71989.95, 0.0], [71989.96, 0.0], [71989.97, 0.00999], [71989.98, 0.0], [71989.99, 0.0], [71996.67, 0.06958], [71997.4, 0.0], [72022.68, 0.0], [72029.49, 0.00348], [72029.83, 0.0007], [72030.21, 0.0], [72030.73, 0.0], [72034.8, 0.23737], [72062.91, 0.0], [72074.41, 0.00348], [72074.73, 0.0], [72075.08, 0.00064], [72075.43, 0.006], [72075.72, 0.0], [72083.18, 0.0], [72109.57, 0.0], [72109.58, 0.0], [72202.96, 0.0], [72308.56, 0.0], [72424.19, 0.0], [72542.0, 0.0], [72673.33, 0.0], [72801.17, 0.0]], "bids": [[71982.9, 0.02043], [71982.89, 0.16303], [71982.88, 0.16299], [71982.87, 0.16], [71982.86, 0.09953], [71982.85, 0.16], [71982.84, 0.16], [71982.83, 0.16], [71982.82, 0.16], [71982.81, 0.00208], [71982.8, 0.0036], [71982.79, 0.16], [71982.78, 0.16], [71982.77, 0.16], [71982.76, 0.16], [71982.75, 0.16], [71982.74, 0.16], [71982.73, 0.16], [71982.72, 0.16], [71982.71, 0.0], [71982.54, 0.06892], [71982.46, 0.0], [71982.45, 0.0], [71982.44, 0.0], [71982.43, 0.0], [71982.42, 0.0], [71982.41, 0.0], [71982.4, 0.0], [71982.2, 0.0], [71982.16, 0.0], [71981.81, 0.0], [71981.22, 0.0696], [71980.93, 0.0], [71980.01, 0.0], [71978.03, 0.0], [71973.22, 0.00999], [71968.36, 0.0], [71967.22, 0.00041], [71966.53, 0.16562], [71953.67, 0.001], [71953.37, 0.00016], [71952.63, 0.0], [71951.43, 0.00052], [71951.04, 0.0], [71949.86, 0.00041], [71947.59, 0.0], [71946.19, 0.0007], [71933.38, 0.0], [71933.37, 0.0], [71919.58, 0.0], [71918.28, 0.00052], [71909.43, 0.0], [71907.82, 0.0007], [71848.64, 0.0], [71848.63, 0.0], [71841.89, 0.0], [71837.82, 0.0], [71831.51, 0.01808], [71829.83, 0.0456], [71771.5, 0.0], [71670.5, 0.0], [71567.44, 0.0], [71433.41, 0.0], [71327.5, 0.0], [71185.32, 0.0]], "_doc": "c67b8587-d86d-43a9-b2ed-6f2a54839906"}, {"timestamp": "2024-04-08 22:28:33", "receive_time": 1712611713.212, "asks": [[71984.71, 0.06003], [71984.72, 0.00298], [71984.73, 0.0], [71984.74, 0.0], [71984.75, 0.00295], [71984.76, 0.04], [71984.88, 0.0], [71984.89, 0.0], [71984.9, 0.0], [71984.91, 0.0], [71984.92, 0.04], [71985.03, 0.0], [71985.04, 0.0], [71985.05, 0.0], [71985.06, 0.0], [71985.07, 0.0], [71985.08, 0.0], [71985.09, 0.0], [71985.1, 0.0], [71985.11, 0.0], [71985.12, 0.0], [71985.13, 0.0], [71985.14, 0.0], [71985.15, 0.0], [71985.16, 0.0], [71985.17, 0.0], [71985.18, 0.0], [71985.19, 0.0], [71985.2, 0.0], [71985.21, 0.0], [71985.22, 0.0], [71985.23, 0.0], [71985.24, 0.0], [71985.25, 0.0], [71985.26, 0.0], [71985.27, 0.0], [71985.28, 0.0], [71985.4, 0.0], [71985.41, 0.0], [71985.42, 0.0], [71985.43, 0.0], [71985.44, 0.0], [71985.45, 0.0], [71985.46, 0.0], [71985.47, 0.0], [71985.48, 0.0], [71985.49, 0.0], [71985.5, 0.0], [71985.62, 0.0], [71985.63, 0.00462], [71985.64, 0.0], [71985.65, 0.0], [71985.66, 0.0], [71985.74, 0.0], [71985.75, 0.0], [71985.76, 0.0], [71985.77, 0.0], [71985.78, 0.0], [71985.79, 0.0], [71985.91, 0.0], [71985.92, 0.0], [71985.93, 0.0], [71985.94, 0.0], [71985.95, 0.0], [71985.96, 0.0], [71985.97, 0.0], [71985.98, 0.0], [71985.99, 0.0], [71986.0, 0.0], [71986.01, 0.0], [71986.02, 0.0], [71986.03, 0.0], [71986.04, 0.0], [71986.05, 0.0], [71986.06, 0.0], [71986.07, 0.0], [71986.08, 0.0], [71986.09, 0.0], [71986.1, 0.0], [71986.11, 0.0], [71986.12, 0.0], [71986.13, 0.0], [71986.14, 0.0], [71986.26, 0.0], [71986.27, 0.0], [71986.28, 0.0], [71986.29, 0.0], [71986.3, 0.0], [71986.31, 0.0], [71986.32, 0.0], [71986.33, 0.0], [71986.34, 0.0], [71986.46, 0.0], [71986.47, 0.0], [71986.6, 0.0], [71987.33, 0.00999], [71987.34, 0.0], [71987.35, 0.0], [71987.36, 0.00999], [71987.37, 0.08337], [71987.41, 0.00044], [71988.12, 0.0], [71988.13, 0.0], [71988.14, 0.0], [71988.15, 0.0], [71988.16, 0.0], [71988.17, 0.0], [71988.18, 0.0], [71988.2, 0.0], [71988.21, 0.0], [71988.22, 0.0], [71988.23, 0.0], [71988.29, 0.0], [71988.36, 0.0], [71988.42, 0.0], [71988.43, 0.0], [71989.95, 0.00999], [71989.96, 0.00077], [71989.97, 0.0], [71989.98, 0.0], [71989.99, 0.0], [71991.64, 0.0], [71992.32, 0.00693], [71993.2, 0.06959], [71997.31, 0.0], [72002.97, 0.06958], [72007.92, 0.0], [72019.5, 0.67636], [72020.45, 2.0361], [72023.68, 0.0], [72025.83, 0.0], [72030.08, 0.0], [72030.21, 0.00348], [72074.42, 0.0], [72074.73, 0.00348]], "bids": [[71985.69, 0.0], [71985.68, 0.0], [71985.66, 0.0], [71985.64, 0.0], [71984.25, 0.0], [71983.76, 0.0], [71983.62, 0.0], [71982.44, 0.00298], [71982.43, 0.00295], [71982.42, 0.16], [71982.41, 0.16], [71982.4, 0.16], [71982.39, 0.0], [71982.38, 0.0], [71982.37, 0.0], [71982.36, 0.0], [71982.35, 0.0], [71982.34, 0.0], [71982.33, 0.0], [71982.32, 0.0], [71982.31, 0.0], [71982.3, 0.0], [71982.29, 0.0], [71982.28, 0.0], [71982.27, 0.0], [71982.26, 0.0], [71982.25, 0.0], [71982.24, 0.0], [71982.23, 0.0], [71982.22, 0.0], [71982.21, 0.0], [71982.2, 0.16], [71982.19, 0.0], [71982.18, 0.0], [71982.17, 0.0], [71982.16, 0.16], [71982.15, 0.0], [71982.14, 0.0], [71982.13, 0.0], [71982.12, 0.0], [71982.11, 0.0], [71982.1, 0.0], [71982.09, 0.0], [71982.08, 0.00693], [71982.04, 0.0], [71982.03, 0.0], [71982.02, 0.0], [71981.66, 0.0], [71980.93, 0.07665], [71980.84, 0.0], [71980.18, 0.0], [71980.17, 0.0], [71980.16, 0.0], [71980.13, 0.0], [71980.12, 0.0], [71980.11, 0.0], [71980.1, 0.0], [71980.07, 0.0], [71980.06, 0.0], [71980.01, 0.00999], [71975.69, 0.0], [71972.32, 0.00695], [71969.97, 0.0], [71968.75, 0.00139], [71968.46, 0.0], [71968.36, 0.00041], [71967.79, 0.02396], [71966.53, 0.0], [71963.83, 0.06961], [71957.1, 0.6543], [71957.05, 0.0], [71956.9, 0.0], [71953.37, 0.00116], [71952.79, 0.0], [71952.63, 0.00052], [71951.19, 0.0], [71951.04, 0.00041], [71944.17, 0.0], [71932.03, 0.0], [71919.84, 0.0], [71919.58, 0.00052], [71908.62, 0.24443], [71889.92, 0.00694], [71884.8, 0.0]], "_doc": "bfddf8e9-f956-4c05-8504-0543822edffa"}, {"timestamp": "2024-04-08 22:28:32", "receive_time": 1712611712.212, "asks": [[71986.47, 0.04], [71986.59, 0.0], [71986.6, 0.03674], [71986.84, 0.0], [71988.18, 0.00997], [71988.19, 0.0], [71988.2, 0.0], [71988.21, 0.0], [71988.22, 0.0], [71988.23, 0.0], [71988.29, 0.00997], [71988.3, 0.0], [71988.31, 0.0], [71988.32, 0.0], [71988.33, 0.0], [71988.34, 0.0], [71988.35, 0.0], [71988.42, 0.0], [71988.43, 0.08042], [71989.07, 0.0], [71989.08, 0.0], [71989.09, 0.0], [71989.1, 0.0], [71989.11, 0.0], [71989.21, 0.0], [71989.22, 0.0], [72000.79, 0.0002], [72002.91, 0.0], [72014.52, 0.22267], [72015.04, 0.0], [72030.08, 0.00348], [72030.29, 0.0], [72030.73, 0.0007], [72037.97, 0.0], [72037.98, 0.0], [72039.99, 0.11906], [72062.91, 0.238], [72074.42, 0.00348], [72074.49, 0.0], [72074.88, 0.0], [72075.72, 0.00064]], "bids": [[71985.75, 0.0], [71985.74, 0.0], [71985.72, 0.0], [71985.7, 0.0], [71985.69, 0.00253], [71984.26, 0.0], [71982.88, 0.0], [71982.67, 0.0], [71982.55, 0.0], [71982.48, 0.0], [71982.26, 0.0], [71980.07, 0.00997], [71980.06, 0.00997], [71980.05, 0.0], [71980.04, 0.0], [71980.03, 0.0], [71980.02, 0.0], [71980.01, 0.0], [71979.86, 0.0], [71977.84, 0.1116], [71976.13, 0.0002], [71975.73, 0.0], [71975.69, 0.00695], [71968.84, 0.0], [71968.46, 0.00041], [71967.79, 0.02396], [71956.95, 0.0], [71956.9, 0.001], [71953.23, 0.0], [71952.79, 0.00052], [71951.61, 0.0], [71951.19, 0.00041], [71947.59, 0.0007], [71947.29, 0.0], [71944.17, 0.23661], [71920.39, 0.0], [71919.84, 0.00052], [71915.11, 0.0], [71915.1, 0.0], [71909.43, 0.0007], [71909.3, 0.0], [71840.09, 0.0], [71837.91, 0.35651]], "_doc": "16785841-0981-4067-9ed6-ab98752e3f1e"}, {"timestamp": "2024-04-08 22:28:31", "receive_time": 1712611711.212, "asks": [[71988.34, 0.0], [71988.35, 0.0], [71988.36, 0.00044], [71988.37, 0.0], [71988.38, 0.0], [71988.39, 0.0], [71988.41, 0.0], [71989.1, 0.00998], [71989.11, 0.00998], [71989.12, 0.0], [71989.13, 0.0], [71989.14, 0.0], [71989.15, 0.0], [71989.16, 0.0], [71989.17, 0.0], [71989.18, 0.0], [71989.19, 0.0], [71989.2, 0.0], [71989.21, 0.00998]], "bids": [[71985.74, 0.00279], [71985.73, 0.0], [71984.25, 0.06721], [71983.75, 0.0], [71983.65, 0.0], [71982.81, 0.0], [71975.73, 0.00695], [71956.95, 0.001], [71956.94, 0.0], [71953.73, 0.0], [71834.27, 0.0], [71825.11, 0.00409]], "_doc": "681919fd-8a31-4485-9859-f1391ec7f97f"}, {"timestamp": "2024-04-08 22:28:30", "receive_time": 1712611710.212, "asks": [[71985.21, 0.0], [71985.22, 0.0], [71985.26, 0.0], [71985.27, 0.0], [71985.28, 0.0], [71985.29, 0.0], [71985.3, 0.0], [71985.31, 0.0], [71985.32, 0.0], [71985.33, 0.0], [71985.35, 0.0], [71985.37, 0.0], [71985.41, 0.0], [71985.46, 0.0], [71985.48, 0.0], [71985.52, 0.0], [71985.53, 0.0], [71985.56, 0.0], [71986.06, 0.0], [71986.07, 0.0], [71986.08, 0.0], [71986.2, 0.0], [71986.21, 0.0], [71986.22, 0.0], [71986.33, 0.0], [71986.34, 0.0], [71986.35, 0.0], [71986.59, 0.0], [71986.97, 0.0], [71987.3, 0.0], [71988.28, 0.0], [71988.39, 0.00998], [71988.4, 0.0], [71989.2, 0.00998], [71989.21, 0.00997], [71989.22, 0.06571], [71989.39, 0.0], [71989.92, 0.0], [71989.93, 0.0], [71989.94, 0.0], [71989.95, 0.0], [71989.96, 0.0], [71989.97, 0.0], [71989.98, 0.0], [71989.99, 0.0], [71990.02, 0.0], [71991.53, 0.0], [71991.54, 0.0], [72023.68, 0.65885], [72026.22, 0.0], [72029.4, 0.0], [72030.29, 0.00348], [72073.53, 0.00065], [72074.49, 0.00348]], "bids": [[71985.74, 0.0], [71985.73, 0.0], [71985.72, 0.04759], [71985.71, 0.0], [71985.7, 0.17669], [71985.68, 0.18919], [71985.66, 0.20549], [71985.64, 0.02221], [71983.76, 0.02043], [71983.75, 0.04], [71983.66, 0.0], [71983.65, 0.00462], [71983.64, 0.0], [71983.63, 0.0], [71983.62, 0.06959], [71982.98, 0.0], [71982.97, 0.0], [71982.96, 0.0], [71982.95, 0.0], [71982.94, 0.0], [71982.93, 0.0], [71982.92, 0.0], [71982.91, 0.0], [71982.9, 0.0], [71982.89, 0.0], [71982.88, 0.04], [71982.81, 0.0775], [71982.76, 0.0], [71982.75, 0.0], [71982.74, 0.0], [71982.73, 0.0], [71982.72, 0.0], [71982.71, 0.0], [71982.7, 0.0], [71982.69, 0.0], [71982.68, 0.0], [71982.67, 0.04], [71982.55, 0.00208], [71982.54, 0.0], [71982.53, 0.0], [71982.52, 0.0], [71982.51, 0.0], [71982.5, 0.0], [71982.49, 0.0], [71982.48, 0.04], [71982.4, 0.0], [71982.39, 0.0], [71982.38, 0.0], [71982.37, 0.0], [71982.36, 0.0], [71982.35, 0.0], [71982.34, 0.0], [71982.33, 0.0], [71982.32, 0.0], [71982.31, 0.0], [71982.3, 0.0], [71982.29, 0.0], [71982.28, 0.0], [71982.27, 0.0], [71982.25, 0.0], [71982.21, 0.0], [71982.16, 0.0], [71982.13, 0.0], [71981.99, 0.0], [71981.52, 0.0], [71981.5, 0.0], [71981.07, 0.0], [71980.07, 0.0], [71980.06, 0.0], [71980.05, 0.0], [71980.04, 0.0], [71980.03, 0.0], [71980.01, 0.01], [71975.74, 0.0], [71975.73, 0.00695], [71972.27, 0.0], [71968.89, 0.0], [71968.84, 0.00041], [71968.08, 0.0], [71966.54, 0.0], [71956.37, 0.0], [71953.73, 0.001], [71953.23, 0.00052], [71952.53, 0.0], [71951.61, 0.00041], [71950.87, 0.0], [71931.14, 0.0], [71920.39, 0.00052], [71919.79, 0.0], [71915.11, 0.14477], [71915.1, 0.24118]], "_doc": "eb1da748-9a67-48e2-b39d-325b65c43aa0"}, {"timestamp": "2024-04-08 22:28:29", "receive_time": 1712611709.212, "asks": [[71985.33, 0.02043], [71985.34, 0.0], [71985.35, 0.00601], [71985.36, 0.0], [71985.37, 0.00293], [71985.38, 0.0], [71985.39, 0.0], [71985.4, 0.0], [71985.41, 0.04], [71985.45, 0.0], [71985.46, 0.0059], [71985.47, 0.0], [71985.48, 0.00274], [71985.49, 0.0], [71985.5, 0.0], [71985.51, 0.0], [71985.52, 0.09953], [71985.53, 0.00306], [71985.54, 0.0], [71985.55, 0.0], [71985.56, 0.00282], [71985.57, 0.0], [71985.58, 0.0], [71985.59, 0.0], [71985.6, 0.0], [71985.61, 0.0], [71985.62, 0.0], [71985.63, 0.0], [71985.64, 0.0], [71985.65, 0.0], [71985.66, 0.0], [71985.67, 0.0], [71985.68, 0.0], [71985.69, 0.0], [71985.7, 0.0], [71985.71, 0.0], [71985.72, 0.0], [71985.73, 0.0], [71985.74, 0.0], [71985.75, 0.0], [71986.34, 0.01042], [71986.35, 0.04], [71986.45, 0.0], [71986.46, 0.0], [71986.47, 0.0], [71986.48, 0.0], [71986.49, 0.0], [71986.5, 0.0], [71986.51, 0.0], [71986.52, 0.0], [71986.53, 0.0], [71986.54, 0.0], [71986.55, 0.0], [71986.56, 0.0], [71986.57, 0.0], [71986.58, 0.0], [71986.59, 0.0], [71986.6, 0.04], [71986.72, 0.0], [71986.73, 0.0], [71986.74, 0.0], [71986.75, 0.0], [71986.76, 0.0], [71986.77, 0.0], [71986.78, 0.0], [71986.79, 0.0], [71986.8, 0.0], [71986.81, 0.0], [71986.82, 0.0], [71986.83, 0.0], [71987.1, 0.0], [71987.23, 0.0], [71987.44, 0.0], [71988.28, 0.07191], [71988.41, 0.00044], [71988.68, 0.0], [71989.39, 0.00999], [71989.4, 0.0], [71989.41, 0.0], [71989.99, 0.0], [71990.0, 0.0989], [71991.55, 0.17234], [71991.77, 0.0], [71995.46, 0.0], [72029.15, 0.0], [72029.4, 0.00348], [72029.86, 0.0], [72030.08, 0.0007], [72073.32, 0.0], [72073.53, 0.00413], [72074.31, 0.0], [72074.88, 0.00064], [72089.16, 0.0]], "bids": [[71985.28, 0.0], [71985.27, 0.0], [71985.16, 0.0], [71985.15, 0.0], [71985.14, 0.0], [71985.13, 0.0], [71984.98, 0.0], [71984.82, 0.0], [71984.68, 0.0], [71984.59, 0.0], [71984.19, 0.0], [71984.18, 0.0], [71984.17, 0.0], [71984.16, 0.0], [71984.15, 0.0], [71984.14, 0.0], [71984.13, 0.0], [71984.12, 0.0], [71983.66, 0.0], [71983.65, 0.0], [71983.64, 0.0], [71983.54, 0.0], [71983.03, 0.0], [71983.02, 0.0], [71983.01, 0.0], [71983.0, 0.0], [71982.99, 0.0], [71982.98, 0.0], [71982.97, 0.0], [71982.96, 0.0], [71982.29, 0.01965], [71982.28, 0.00305], [71982.27, 0.00307], [71982.26, 0.04], [71982.25, 0.00306], [71982.24, 0.0], [71982.23, 0.0], [71982.22, 0.0], [71982.21, 0.00386], [71982.2, 0.0], [71982.19, 0.0], [71982.18, 0.0], [71982.17, 0.0], [71982.16, 0.00695], [71982.15, 0.0], [71982.14, 0.0], [71982.13, 0.0006], [71982.0, 0.0], [71981.71, 0.0], [71981.52, 0.10985], [71981.07, 0.08115], [71980.84, 0.0], [71980.03, 0.00999], [71980.02, 0.0], [71980.01, 0.0], [71978.19, 0.0], [71974.45, 0.0], [71974.17, 0.0], [71968.9, 0.0], [71968.08, 0.00041], [71967.8, 0.0], [71966.54, 0.2], [71959.03, 0.0], [71957.05, 0.65363], [71956.37, 0.001], [71956.34, 0.0], [71952.53, 0.00052], [71952.42, 0.0], [71950.87, 0.00041], [71950.61, 0.0], [71947.72, 0.0], [71947.29, 0.0007], [71924.45, 0.01804], [71919.87, 0.0], [71919.79, 0.00052], [71910.03, 0.0], [71909.3, 0.0007], [71840.09, 0.00629], [71840.01, 0.0]], "_doc": "1913cddf-693c-4ab8-bf84-e80f893f8a2b"}, {"timestamp": "2024-04-08 22:28:28", "receive_time": 1712611708.212, "asks": [[71986.83, 0.0], [71986.84, 0.04], [71986.96, 0.0], [71987.65, 0.0], [72015.04, 0.22266], [72015.52, 0.0], [72037.97, 0.14013], [72037.98, 0.2335], [72039.99, 0.0]], "bids": [[71985.14, 0.00694], [71985.13, 0.04], [71985.01, 0.0], [71985.0, 0.0], [71984.99, 0.0], [71984.14, 0.0], [71984.13, 0.0], [71983.65, 0.00999], [71983.64, 0.00999], [71983.63, 0.0], [71983.62, 0.0], [71983.61, 0.0], [71983.6, 0.0], [71983.59, 0.0], [71983.58, 0.0], [71983.57, 0.0], [71983.56, 0.0], [71983.55, 0.0], [71956.34, 0.001], [71956.04, 0.0], [71930.42, 0.04389]], "_doc": "2a5ab37d-f224-47d5-876b-319199aeb842"}, {"timestamp": "2024-04-08 22:28:27", "receive_time": 1712611707.212, "asks": [[71986.97, 0.04], [71987.09, 0.0], [71987.1, 0.04], [71987.22, 0.0], [71987.82, 0.0], [71988.03, 0.0], [71988.68, 0.00044], [71989.78, 0.0], [72028.97, 0.0], [72029.15, 0.00348], [72073.32, 0.00348], [72073.37, 0.0]], "bids": [[71984.99, 0.00694], [71984.98, 0.03992], [71984.86, 0.0], [71984.85, 0.0], [71984.84, 0.0], [71984.83, 0.0], [71984.71, 0.0], [71984.56, 0.0], [71984.13, 0.00999], [71983.55, 0.00999], [71983.54, 0.07886], [71983.23, 0.0], [71983.22, 0.0], [71983.21, 0.0], [71983.2, 0.0], [71983.19, 0.0], [71983.18, 0.0], [71983.17, 0.0], [71983.16, 0.0], [71983.15, 0.0], [71983.14, 0.0], [71983.13, 0.0], [71983.04, 0.0], [71983.03, 0.0], [71983.02, 0.0], [71983.01, 0.0], [71983.0, 0.0], [71982.99, 0.0], [71982.98, 0.0], [71982.97, 0.0], [71982.75, 0.0], [71982.2, 0.0], [71982.19, 0.0], [71982.18, 0.0], [71982.17, 0.0], [71982.16, 0.0], [71982.15, 0.0], [71982.14, 0.00999], [71976.45, 0.03], [71974.08, 0.03], [71973.03, 0.06], [71969.98, 0.0], [71968.9, 0.0], [71967.8, 0.00041], [71967.34, 0.0], [71966.3, 0.0], [71965.03, 0.0], [71963.78, 0.0], [71956.04, 0.001], [71955.9, 0.0], [71953.08, 0.0], [71952.42, 0.00052], [71950.61, 0.00041], [71950.11, 0.0], [71924.44, 0.03], [71920.74, 0.0], [71919.87, 0.00052], [71917.04, 0.0]], "_doc": "6a8b2736-4be3-42ea-83d5-d443aad79020"}, {"timestamp": "2024-04-08 22:28:26", "receive_time": 1712611706.212, "asks": [[71984.58, 0.0], [71984.65, 0.0], [71984.66, 0.0], [71985.41, 0.0], [71985.42, 0.0], [71985.43, 0.0], [71987.22, 0.0], [71987.23, 0.0358], [71987.34, 0.0], [71987.35, 0.0], [71987.36, 0.0], [71987.37, 0.0], [71987.38, 0.0], [71987.39, 0.0], [71987.4, 0.0], [71987.41, 0.0], [71987.64, 0.0], [71988.2, 0.0], [71988.33, 0.0], [71988.66, 0.0], [71990.27, 0.00025], [71991.55, 0.01306], [71991.56, 0.06311], [71991.64, 0.06959], [71991.71, 0.0], [71992.46, 0.0], [71995.45, 0.06827], [71995.46, 0.11379], [71995.99, 0.0], [72028.97, 0.00348], [72029.86, 0.0007], [72030.76, 0.0], [72034.51, 0.00882], [72073.37, 0.00348], [72074.31, 0.00064], [72075.3, 0.0], [72078.76, 0.0]], "bids": [[71984.83, 0.02043], [71984.82, 0.04], [71984.78, 0.0], [71984.77, 0.0], [71984.76, 0.0], [71984.75, 0.0], [71984.74, 0.0], [71984.73, 0.0], [71984.72, 0.0], [71984.71, 0.0], [71984.7, 0.0], [71984.69, 0.0], [71984.68, 0.04], [71984.57, 0.0], [71984.55, 0.0], [71983.14, 0.00999], [71983.13, 0.00999], [71983.12, 0.0], [71983.11, 0.0], [71983.1, 0.0], [71983.09, 0.0], [71983.08, 0.0], [71983.07, 0.0], [71983.06, 0.0], [71983.05, 0.0], [71983.04, 0.0], [71982.99, 0.0], [71982.98, 0.0], [71982.2, 0.0], [71982.19, 0.0], [71982.18, 0.0], [71982.17, 0.0], [71982.16, 0.0], [71982.15, 0.0], [71982.14, 0.00999], [71969.98, 0.0], [71968.95, 0.0], [71968.9, 0.2], [71967.46, 0.01282], [71967.34, 0.00041], [71966.54, 0.0], [71955.92, 0.0], [71955.9, 0.001], [71954.01, 0.0], [71953.08, 0.00052], [71952.75, 0.0], [71951.68, 0.0], [71951.57, 0.0], [71950.11, 0.00041], [71950.01, 0.0], [71947.72, 0.0007], [71935.85, 0.11889], [71930.41, 0.07312], [71928.39, 0.0], [71921.79, 0.0], [71920.74, 0.00052], [71915.23, 0.0], [71910.03, 0.0007]], "_doc": "9677a6a1-f97b-4cbd-ae92-029343ec112e"}, {"timestamp": "2024-04-08 22:28:25", "receive_time": 1712611705.212, "asks": [[71986.31, 0.0], [71986.32, 0.0], [71987.41, 0.02043], [71987.42, 0.0], [71987.43, 0.0], [71987.44, 0.04], [71987.56, 0.0], [71987.57, 0.0], [71987.58, 0.0], [71987.59, 0.0], [71987.6, 0.0], [71987.61, 0.0], [71987.62, 0.0], [71987.63, 0.0], [71987.64, 0.0], [71987.65, 0.04], [71987.77, 0.0], [71987.78, 0.0], [71987.79, 0.0], [71987.8, 0.0], [71987.81, 0.0], [71987.82, 0.04], [71987.94, 0.0], [71987.95, 0.0], [71987.96, 0.0], [71987.97, 0.0], [71987.98, 0.0], [71987.99, 0.0], [71988.0, 0.0], [71988.01, 0.0], [71988.02, 0.0], [71988.03, 0.04], [71988.15, 0.0], [71988.16, 0.0], [71988.17, 0.0], [71988.18, 0.0], [71988.19, 0.0], [71988.2, 0.04], [71988.21, 0.0], [71988.22, 0.0], [71988.23, 0.0], [71988.24, 0.00195], [71988.32, 0.0], [71988.33, 0.04], [71988.45, 0.0], [71988.46, 0.0], [71988.47, 0.0], [71988.48, 0.0], [71988.49, 0.0], [71988.5, 0.0], [71988.51, 0.0], [71988.52, 0.0], [71988.53, 0.0], [71988.54, 0.0], [71988.55, 0.0], [71988.56, 0.0], [71988.57, 0.0], [71988.58, 0.0], [71988.59, 0.0], [71988.6, 0.0], [71988.61, 0.0], [71988.62, 0.0], [71988.63, 0.0], [71988.64, 0.0], [71988.65, 0.0], [71988.66, 0.04], [71988.78, 0.0], [71988.79, 0.0], [71988.8, 0.0], [71988.81, 0.0], [71988.84, 0.0], [71988.89, 0.0], [71988.91, 0.0], [71989.16, 0.0], [71989.41, 0.07263], [71989.55, 0.0], [71989.58, 0.0], [71989.78, 0.00044], [71989.84, 0.0], [71990.11, 0.06959], [71990.37, 0.0], [71990.42, 0.0], [71990.81, 0.0], [71991.77, 0.08601], [71991.78, 0.0], [71992.0, 0.0989], [71993.01, 0.0], [71995.99, 0.05943], [72030.76, 0.00348], [72034.96, 0.0], [72042.15, 0.02175], [72075.3, 0.00348], [72079.65, 0.0]], "bids": [[71986.44, 0.0], [71986.23, 0.0], [71984.72, 0.0], [71984.71, 0.0], [71984.7, 0.0], [71984.69, 0.0], [71984.68, 0.04], [71984.57, 0.0], [71984.56, 0.07849], [71984.55, 0.04], [71984.44, 0.0], [71984.43, 0.0], [71984.42, 0.0], [71984.19, 0.0], [71984.18, 0.0], [71984.17, 0.0], [71984.07, 0.0], [71984.06, 0.0], [71984.0, 0.0], [71983.22, 0.0], [71983.21, 0.0], [71983.04, 0.01003], [71983.03, 0.0], [71983.02, 0.0], [71983.01, 0.0], [71983.0, 0.0], [71982.99, 0.0], [71982.98, 0.01003], [71982.97, 0.0], [71982.15, 0.01003], [71982.14, 0.0], [71980.01, 0.0], [71976.45, 0.0], [71974.45, 0.00695], [71972.94, 0.0], [71969.98, 0.2], [71968.95, 0.00041], [71959.58, 0.0], [71958.18, 0.0], [71957.44, 0.0], [71955.92, 0.001], [71955.62, 0.0], [71954.01, 0.00052], [71951.68, 0.00041], [71926.09, 0.0], [71921.79, 0.00052]], "_doc": "c2f2d20b-da9e-47b3-af2a-676ce9325d5f"}, {"timestamp": "2024-04-08 22:28:24", "receive_time": 1712611704.212, "asks": [[71987.19, 0.0], [71987.2, 0.0], [71988.81, 0.04], [71988.82, 0.0], [71988.83, 0.0], [71988.84, 0.00598], [71988.85, 0.0], [71988.86, 0.0], [71988.87, 0.0], [71988.88, 0.0], [71988.89, 0.00606], [71988.9, 0.0], [71988.91, 0.04], [71989.03, 0.0], [71989.04, 0.0], [71989.05, 0.0], [71989.06, 0.0], [71989.07, 0.0], [71989.08, 0.0], [71989.09, 0.0], [71989.1, 0.0], [71989.11, 0.0], [71989.12, 0.0], [71989.13, 0.0], [71989.14, 0.0], [71989.15, 0.0], [71989.16, 0.04], [71989.28, 0.0], [71989.29, 0.0], [71989.3, 0.0], [71989.31, 0.0], [71989.32, 0.0], [71989.33, 0.0], [71989.34, 0.0], [71989.35, 0.0], [71989.36, 0.0], [71989.37, 0.0], [71989.38, 0.0], [71989.39, 0.0], [71989.4, 0.0], [71989.41, 0.04], [71989.53, 0.0], [71989.54, 0.0], [71989.55, 0.00032], [71989.56, 0.0], [71989.57, 0.0], [71989.58, 0.04], [71989.7, 0.0], [71989.71, 0.0], [71989.72, 0.0], [71989.73, 0.0], [71989.74, 0.0], [71989.75, 0.0], [71989.76, 0.0], [71989.77, 0.0], [71989.78, 0.0], [71989.79, 0.0], [71989.8, 0.0], [71989.81, 0.0], [71989.82, 0.0], [71989.83, 0.0], [71989.84, 0.04], [71989.93, 0.0], [71989.94, 0.0], [71989.95, 0.0], [71989.96, 0.0], [71989.97, 0.0], [71989.98, 0.0], [71989.99, 0.0], [71990.0, 0.0], [71990.01, 0.0], [71990.02, 0.0], [71990.03, 0.0], [71990.04, 0.0], [71990.05, 0.0], [71990.06, 0.0], [71990.07, 0.0], [71990.08, 0.0], [71990.09, 0.0], [71990.1, 0.0], [71990.11, 0.0], [71990.12, 0.0], [71990.13, 0.0], [71990.14, 0.0], [71990.15, 0.0], [71990.16, 0.0], [71990.17, 0.0], [71990.18, 0.0], [71990.19, 0.0], [71990.2, 0.0], [71990.21, 0.0], [71990.22, 0.0], [71990.23, 0.0], [71990.24, 0.0], [71990.25, 0.0], [71990.26, 0.0], [71990.27, 0.0], [71990.28, 0.0], [71990.29, 0.0], [71990.3, 0.0], [71990.31, 0.0], [71990.32, 0.0], [71990.33, 0.0], [71990.34, 0.0], [71990.35, 0.0], [71990.36, 0.0], [71990.37, 0.04], [71990.49, 0.0], [71990.5, 0.0], [71990.51, 0.0], [71990.52, 0.0], [71990.53, 0.0], [71990.54, 0.0], [71990.55, 0.0], [71990.56, 0.0], [71990.57, 0.0], [71990.58, 0.0], [71990.59, 0.0], [71990.6, 0.0], [71990.61, 0.0], [71990.62, 0.0], [71990.63, 0.0], [71990.64, 0.0], [71990.65, 0.0], [71990.66, 0.0], [71990.67, 0.0], [71990.68, 0.0], [71990.69, 0.0], [71990.7, 0.0], [71990.71, 0.0], [71990.72, 0.0], [71990.73, 0.0], [71990.74, 0.0], [71990.75, 0.0], [71990.76, 0.0], [71990.77, 0.0], [71990.78, 0.0], [71990.79, 0.0], [71990.8, 0.0], [71990.81, 0.04], [71990.93, 0.0], [71990.94, 0.0], [71990.95, 0.0], [71990.96, 0.0], [71990.97, 0.0], [71990.98, 0.0], [71990.99, 0.0], [71991.0, 0.0], [71991.09, 0.0], [71991.1, 0.0], [71991.11, 0.0], [71991.12, 0.0], [71991.13, 0.0], [71991.14, 0.0], [71991.15, 0.0], [71991.16, 0.0], [71991.17, 0.0], [71991.18, 0.0], [71991.19, 0.0], [71991.31, 0.0], [71991.32, 0.0], [71991.33, 0.0], [71991.34, 0.0], [71991.35, 0.0], [71991.36, 0.0], [71991.37, 0.0], [71991.38, 0.0], [71991.5, 0.0], [71991.51, 0.0], [71991.52, 0.0], [71991.53, 0.0], [71991.54, 0.0], [71991.55, 0.0], [71991.56, 0.0], [71991.57, 0.0], [71991.58, 0.0], [71991.59, 0.0], [71991.6, 0.0], [71991.61, 0.0], [71991.62, 0.0], [71991.65, 0.0], [71991.71, 0.0004], [71993.02, 0.0], [71994.15, 0.0], [71995.99, 0.0], [72032.05, 0.0], [72034.51, 0.00952], [72078.76, 0.00064]], "bids": [[71988.39, 0.0], [71988.38, 0.0], [71988.37, 0.0], [71988.36, 0.0], [71988.23, 0.0], [71988.1, 0.0], [71987.97, 0.0], [71987.62, 0.0], [71987.61, 0.0], [71987.59, 0.0], [71987.58, 0.0], [71987.57, 0.0], [71987.56, 0.0], [71987.55, 0.0], [71987.43, 0.0], [71986.5, 0.0], [71986.49, 0.0], [71986.48, 0.0], [71986.47, 0.0], [71986.46, 0.0], [71986.45, 0.0], [71984.42, 0.01003], [71984.41, 0.0], [71984.4, 0.0], [71984.39, 0.0], [71984.38, 0.0], [71984.37, 0.0], [71984.36, 0.0], [71984.35, 0.0], [71984.34, 0.0], [71984.33, 0.0], [71984.32, 0.0], [71984.17, 0.01003], [71984.16, 0.0], [71984.15, 0.0], [71984.14, 0.0], [71984.13, 0.0], [71984.06, 0.01003], [71984.05, 0.0], [71984.04, 0.0], [71984.03, 0.0], [71984.02, 0.0], [71984.01, 0.0], [71981.66, 0.0696], [71977.36, 0.0], [71976.45, 0.00695], [71973.23, 0.0], [71973.22, 0.0], [71972.01, 0.0], [71969.98, 0.2], [71940.71, 0.0], [71891.0, 0.0], [71840.09, 0.0], [71840.01, 0.00629]], "_doc": "5d71a1b4-2d4a-43c4-9ada-3cecdb4c5339"}, {"timestamp": "2024-04-08 22:28:23", "receive_time": 1712611703.211, "asks": [[71989.81, 0.0], [71989.82, 0.0], [71989.94, 0.0], [71989.95, 0.0], [71990.13, 0.0], [71990.27, 0.0], [71990.76, 0.0], [71990.89, 0.0], [71991.01, 0.0], [71991.62, 0.04], [71991.63, 0.0], [71991.64, 0.0], [71991.65, 0.04], [71991.76, 0.0], [71991.77, 0.08601], [71995.99, 0.02042], [72033.47, 0.0], [72034.96, 0.00348], [72075.97, 0.0], [72078.43, 0.0], [72079.65, 0.00348], [72084.82, 0.0]], "bids": [[71988.4, 0.0], [71988.39, 0.0], [71988.38, 0.01304], [71988.37, 0.0], [71988.24, 0.0], [71987.7, 0.0], [71987.69, 0.0], [71987.68, 0.0], [71987.67, 0.0], [71987.61, 0.01003], [71987.6, 0.0], [71987.59, 0.0], [71987.58, 0.0], [71987.57, 0.0], [71987.56, 0.0], [71986.23, 0.00044], [71986.03, 0.0], [71984.32, 0.01003], [71984.31, 0.0], [71984.3, 0.0], [71984.29, 0.0], [71984.28, 0.0], [71984.27, 0.0], [71984.26, 0.0], [71984.25, 0.0], [71984.24, 0.0], [71984.23, 0.0], [71984.22, 0.0], [71984.15, 0.0], [71984.14, 0.0], [71984.13, 0.0], [71984.11, 0.0], [71984.1, 0.0], [71984.09, 0.0], [71984.08, 0.0], [71984.07, 0.0], [71984.04, 0.01003], [71984.03, 0.0], [71984.02, 0.0], [71984.01, 0.0], [71981.41, 0.0], [71972.94, 0.00041], [71971.06, 0.0], [71960.24, 0.0], [71959.58, 0.001], [71959.45, 0.0], [71958.18, 0.00052], [71956.68, 0.0], [71955.95, 0.0], [71955.62, 0.00041], [71954.74, 0.22266], [71953.62, 0.0], [71952.75, 0.0007], [71950.89, 0.0], [71926.09, 0.00052], [71924.86, 0.0], [71915.23, 0.0007], [71913.65, 0.0]], "_doc": "d49178c6-0cb8-4b0e-baa8-ee6129811a11"}, {"timestamp": "2024-04-08 22:28:22", "receive_time": 1712611702.211, "asks": [[71988.27, 0.0], [71989.93, 0.0], [71989.94, 0.05433], [71989.95, 0.04], [71990.06, 0.0], [71990.07, 0.0], [71990.08, 0.0], [71990.09, 0.0], [71990.1, 0.0], [71990.12, 0.0], [71993.36, 0.0014], [72042.15, 0.0], [72058.69, 0.0], [72065.33, 0.0], [72071.48, 0.0], [72071.49, 0.0], [72084.82, 0.02175]], "bids": [[71988.36, 0.04], [71988.24, 0.00171], [71988.23, 0.04], [71988.11, 0.0], [71987.67, 0.01003], [71987.66, 0.0], [71987.65, 0.0], [71987.64, 0.0], [71987.63, 0.0], [71987.62, 0.0], [71987.61, 0.0], [71987.6, 0.0], [71987.59, 0.0], [71987.58, 0.0], [71987.57, 0.0], [71987.43, 0.04], [71984.22, 0.01003], [71984.21, 0.0], [71984.2, 0.0], [71984.19, 0.0], [71984.18, 0.0], [71984.17, 0.0], [71984.16, 0.0], [71984.15, 0.0], [71984.14, 0.0], [71984.13, 0.0], [71984.11, 0.0], [71984.1, 0.0], [71984.09, 0.0], [71984.07, 0.01003], [71984.06, 0.0], [71984.05, 0.0], [71984.04, 0.0], [71984.03, 0.0], [71984.02, 0.0], [71984.01, 0.0], [71982.9, 0.0], [71973.22, 0.0], [71960.23, 0.0], [71959.45, 0.001], [71959.32, 0.0], [71959.31, 0.0], [71952.95, 0.99959], [71908.0, 0.00124]], "_doc": "c55c8f86-9858-40a4-b2ca-306b8e3c5e3d"}, {"timestamp": "2024-04-08 22:28:21", "receive_time": 1712611701.211, "asks": [[71988.27, 0.00599], [71988.28, 0.0], [71990.09, 0.01003], [71990.1, 0.02043], [71990.11, 0.0], [71990.12, 0.06043], [71990.13, 0.04], [71990.23, 0.0], [71990.24, 0.0], [71990.25, 0.0], [71990.26, 0.0], [71990.27, 0.06959], [71990.65, 0.0], [71990.66, 0.0], [71990.67, 0.0], [71990.68, 0.0], [71990.69, 0.0], [71990.7, 0.0], [71990.71, 0.0], [71990.72, 0.0], [71990.73, 0.0], [71990.74, 0.0], [71990.75, 0.0], [71990.76, 0.04], [71990.88, 0.0], [71990.89, 0.04], [71990.98, 0.0], [71990.99, 0.0], [71991.0, 0.0], [71991.76, 0.02043], [71993.01, 0.05942], [71998.47, 0.0], [72002.91, 0.0002], [72033.09, 0.0], [72033.47, 0.00348], [72078.04, 0.0], [72078.43, 0.00348]], "bids": [[71988.51, 0.0], [71988.5, 0.0], [71988.49, 0.0], [71988.37, 0.0], [71988.36, 0.0], [71988.24, 0.0], [71988.23, 0.0], [71988.19, 0.0], [71988.18, 0.0], [71988.17, 0.0], [71988.16, 0.0], [71988.15, 0.0], [71988.14, 0.0], [71988.13, 0.0], [71988.12, 0.0], [71988.11, 0.0], [71988.1, 0.01106], [71988.0, 0.0], [71987.99, 0.0], [71987.98, 0.0], [71987.61, 0.0], [71987.6, 0.0], [71987.59, 0.0], [71987.58, 0.0], [71987.57, 0.01003], [71987.56, 0.0], [71986.45, 0.0], [71986.44, 0.07233], [71986.23, 0.0], [71986.22, 0.0], [71986.21, 0.0], [71986.2, 0.0], [71986.03, 0.00044], [71985.89, 0.0], [71984.48, 0.0], [71984.47, 0.0], [71984.46, 0.0], [71984.45, 0.0], [71984.12, 0.0014], [71984.1, 0.01003], [71984.09, 0.01003], [71984.08, 0.0], [71984.07, 0.0], [71984.06, 0.0], [71984.05, 0.0], [71984.04, 0.0], [71984.03, 0.0], [71984.02, 0.0], [71984.01, 0.0], [71979.86, 0.0002], [71979.3, 0.0], [71977.5, 0.0], [71973.22, 0.2], [71971.06, 0.00041], [71970.67, 0.0], [71959.34, 0.0], [71959.31, 0.001], [71956.68, 0.00052], [71956.43, 0.0], [71953.62, 0.00041], [71953.21, 0.0], [71944.48, 0.025], [71942.37, 0.0], [71924.86, 0.00052], [71924.73, 0.0]], "_doc": "17d3cc47-458d-4f2f-9bb2-f4ff2871fe55"}, {"timestamp": "2024-04-08 22:28:20", "receive_time": 1712611700.211, "asks": [[71989.58, 0.0], [71989.59, 0.0], [71989.7, 0.0], [71989.71, 0.0], [71989.72, 0.0], [71989.73, 0.0], [71989.74, 0.0], [71989.85, 0.0], [71989.86, 0.0], [71989.87, 0.0], [71989.98, 0.0], [71989.99, 0.0], [71990.0, 0.0], [71990.12, 0.0], [71990.13, 0.0], [71990.27, 0.06113], [71990.37, 0.0], [71991.77, 0.07119], [71991.78, 0.07376], [71992.45, 0.0], [71992.67, 0.0], [71993.01, 0.08601], [71994.0, 0.0989], [71995.99, 0.0], [72007.67, 0.0], [72007.91, 0.25892], [72030.19, 0.0], [72032.05, 0.0007], [72033.09, 0.00348], [72035.77, 0.0], [72073.62, 0.0], [72075.97, 0.00064], [72078.04, 0.00348], [72080.65, 0.0]], "bids": [[71988.13, 0.0], [71988.01, 0.0], [71988.0, 0.0], [71987.98, 0.0], [71987.97, 0.0004], [71987.86, 0.0], [71987.85, 0.0], [71987.73, 0.0], [71987.55, 0.04], [71987.44, 0.0], [71987.43, 0.0425], [71987.36, 0.0], [71987.35, 0.0], [71987.34, 0.0], [71987.33, 0.0], [71987.32, 0.0], [71987.31, 0.0], [71986.22, 0.01007], [71986.21, 0.00043], [71986.2, 0.02043], [71986.19, 0.0], [71986.18, 0.0], [71986.17, 0.0], [71986.16, 0.0], [71986.15, 0.0], [71986.14, 0.0], [71986.13, 0.0], [71986.12, 0.0], [71986.0, 0.0], [71984.47, 0.01007], [71984.46, 0.02014], [71984.08, 0.0], [71984.07, 0.0], [71984.06, 0.0], [71984.05, 0.0], [71984.04, 0.0], [71984.03, 0.0], [71984.02, 0.0], [71984.01, 0.0], [71978.18, 0.00013], [71977.74, 0.0], [71977.36, 0.00695], [71973.41, 0.0], [71973.22, 0.0], [71970.67, 0.00041], [71959.34, 0.001], [71959.29, 0.0], [71959.07, 0.0], [71956.43, 0.00052], [71955.93, 0.0], [71953.21, 0.00041], [71950.89, 0.0007], [71949.93, 0.0], [71927.71, 0.0], [71924.73, 0.00052], [71913.65, 0.0007], [71913.1, 0.0], [71840.37, 0.0], [71840.09, 0.00629]], "_doc": "4b074ad0-7018-4c25-b24a-cc613e0cd27d"}, {"timestamp": "2024-04-08 22:28:19", "receive_time": 1712611699.211, "asks": [[71990.12, 0.03932], [71990.13, 0.04], [71990.22, 0.0], [71990.23, 0.0], [71990.24, 0.0], [71990.25, 0.0], [71990.26, 0.0], [71990.27, 0.06959], [71990.28, 0.0], [71990.29, 0.0], [71990.3, 0.0], [71990.31, 0.0], [71990.32, 0.0], [71990.33, 0.0], [71990.34, 0.0], [71990.35, 0.0], [71990.36, 0.0], [71990.37, 0.04], [71990.38, 0.0], [71990.39, 0.0], [71990.4, 0.0], [71990.41, 0.0], [71990.42, 0.0], [71990.43, 0.0], [71990.44, 0.0], [71990.45, 0.0], [71990.46, 0.0], [71990.47, 0.0], [71990.48, 0.0], [71990.49, 0.0], [71990.5, 0.0], [71990.62, 0.0], [71990.63, 0.0], [71990.69, 0.0], [71990.7, 0.0], [71990.71, 0.0], [71990.72, 0.0], [71990.73, 0.0], [71990.74, 0.0], [71990.75, 0.0], [71990.76, 0.0], [71990.85, 0.0], [71990.86, 0.0], [71990.87, 0.0], [71990.88, 0.0], [71990.89, 0.0], [71991.01, 0.0002], [71991.02, 0.0], [71991.14, 0.0], [71991.15, 0.0], [71991.79, 0.0], [71991.8, 0.0], [71991.81, 0.0], [71991.82, 0.0], [71991.83, 0.0], [71992.45, 0.08482], [71992.67, 0.07179], [71993.76, 0.0], [71994.15, 0.0075], [71995.99, 0.05934], [71996.46, 0.0], [71996.69, 0.10992], [71998.89, 0.00015], [72007.67, 0.04179], [72008.89, 0.0], [72009.34, 0.43142], [72009.61, 0.0], [72023.69, 0.0], [72026.22, 0.6502], [72028.6, 0.0], [72034.15, 0.11694], [72035.77, 0.00348], [72073.23, 0.0], [72080.65, 0.00348]], "bids": [[71989.15, 0.0], [71989.04, 0.0], [71988.99, 0.0], [71988.01, 0.0], [71988.0, 0.11786], [71987.89, 0.0], [71987.88, 0.0], [71987.87, 0.0], [71987.86, 0.0], [71987.85, 0.04], [71987.74, 0.0], [71987.73, 0.00069], [71987.72, 0.0], [71987.71, 0.0], [71987.34, 0.0], [71987.33, 0.0], [71987.32, 0.01007], [71987.31, 0.06954], [71986.56, 0.0], [71986.55, 0.0], [71986.12, 0.04058], [71986.11, 0.0], [71986.1, 0.0], [71986.09, 0.0], [71986.08, 0.0], [71986.07, 0.0], [71986.06, 0.0], [71986.05, 0.0], [71986.04, 0.0], [71986.03, 0.0], [71986.02, 0.0], [71986.01, 0.0], [71985.89, 0.00044], [71984.46, 0.0], [71984.45, 0.02043], [71984.44, 0.0], [71984.09, 0.0], [71984.08, 0.0], [71984.07, 0.0], [71984.06, 0.0], [71984.05, 0.0], [71984.04, 0.0], [71984.03, 0.0], [71984.02, 0.0], [71984.01, 0.01007], [71982.97, 0.0], [71982.96, 0.0696], [71982.9, 0.0025], [71982.24, 0.0], [71982.14, 0.0], [71981.41, 0.0696], [71980.68, 0.0], [71979.24, 0.0], [71977.75, 0.0], [71977.74, 0.00695], [71973.41, 0.00041], [71973.22, 0.0], [71969.98, 0.0], [71966.55, 0.0], [71959.29, 0.00052], [71959.07, 0.001], [71955.93, 0.00041], [71953.39, 0.0], [71952.5, 0.0], [71949.14, 0.0], [71927.71, 0.00052], [71921.02, 0.0], [71917.04, 0.03], [71905.73, 0.0]], "_doc": "97c6eda3-a36f-404e-b4d8-f150989be67a"}, {"timestamp": "2024-04-08 22:28:18", "receive_time": 1712611698.211, "asks": [[71985.1, 0.0], [71985.11, 0.0], [71985.12, 0.0], [71985.13, 0.0], [71985.14, 0.0], [71985.15, 0.0], [71985.16, 0.0], [71985.17, 0.0], [71985.18, 0.0], [71985.19, 0.0], [71985.2, 0.0], [71985.21, 0.0], [71985.22, 0.0], [71985.23, 0.0], [71985.24, 0.0], [71985.25, 0.0], [71985.26, 0.0], [71985.27, 0.0], [71985.28, 0.0], [71985.29, 0.0], [71985.3, 0.0], [71985.31, 0.0], [71985.32, 0.0], [71985.33, 0.0], [71985.34, 0.0], [71985.35, 0.0], [71985.36, 0.0], [71985.37, 0.0], [71985.65, 0.0], [71985.66, 0.0], [71985.67, 0.0], [71985.68, 0.0], [71985.69, 0.0], [71985.7, 0.0], [71985.71, 0.0], [71985.72, 0.0], [71985.73, 0.0], [71985.74, 0.0], [71985.75, 0.0], [71985.76, 0.0], [71985.77, 0.0], [71985.78, 0.0], [71985.79, 0.0], [71985.8, 0.0], [71985.81, 0.0], [71985.82, 0.0], [71985.83, 0.0], [71985.84, 0.0], [71985.85, 0.0], [71985.86, 0.0], [71985.87, 0.0], [71985.88, 0.0], [71985.89, 0.0], [71985.9, 0.0], [71985.91, 0.0], [71985.92, 0.0], [71985.93, 0.0], [71985.94, 0.0], [71985.95, 0.0], [71985.96, 0.0], [71985.97, 0.0], [71985.98, 0.0], [71985.99, 0.0], [71986.0, 0.0], [71986.46, 0.0], [71986.47, 0.0], [71986.48, 0.0], [71986.49, 0.0], [71986.5, 0.0], [71986.51, 0.0], [71986.52, 0.0], [71986.53, 0.0], [71986.54, 0.0], [71986.55, 0.0], [71986.56, 0.0], [71986.57, 0.0], [71986.58, 0.0], [71986.59, 0.0], [71986.68, 0.0], [71986.69, 0.0], [71986.7, 0.0], [71986.71, 0.0], [71986.72, 0.0], [71986.73, 0.0], [71986.74, 0.0], [71986.75, 0.0], [71986.76, 0.0], [71987.17, 0.0], [71987.18, 0.0], [71987.19, 0.0], [71987.45, 0.0], [71987.68, 0.0], [71987.75, 0.0], [71987.76, 0.0], [71987.77, 0.0], [71989.21, 0.0], [71989.22, 0.0], [71989.23, 0.0], [71989.24, 0.0], [71989.25, 0.0], [71989.26, 0.0], [71989.27, 0.0], [71989.28, 0.0], [71989.29, 0.0], [71989.32, 0.0], [71989.44, 0.0], [71989.45, 0.0], [71989.46, 0.0], [71990.0, 0.0], [71990.6, 0.0], [71990.61, 0.0], [71990.62, 0.0], [71990.64, 0.0], [71990.65, 0.0], [71990.66, 0.0], [71990.67, 0.0], [71990.94, 0.0], [71991.82, 0.00084], [71991.83, 0.04], [71991.95, 0.0], [71991.96, 0.0], [71991.97, 0.0], [71991.99, 0.0], [71992.0, 0.0], [71993.01, 0.0], [71994.0, 0.0], [71994.79, 0.0], [71995.99, 0.02043], [71996.0, 0.0989], [71996.46, 0.02043], [71996.47, 0.0], [71997.4, 0.06958], [71998.89, 0.0], [72003.99, 0.2922], [72004.47, 0.48699], [72004.58, 0.0], [72012.42, 0.0], [72015.52, 0.22266], [72016.1, 0.0], [72023.36, 0.90492], [72023.68, 0.0], [72027.52, 0.0], [72028.37, 0.0], [72028.6, 0.00348], [72030.19, 0.0007], [72031.14, 0.0], [72031.32, 0.0], [72065.33, 0.23914], [72071.38, 0.0], [72073.23, 0.00348], [72073.62, 0.00064], [72075.41, 0.00035]], "bids": [[71989.92, 0.0], [71989.91, 0.0], [71989.23, 0.0], [71989.22, 0.0], [71989.15, 0.00069], [71987.72, 0.03049], [71987.71, 0.0793], [71986.02, 0.01007], [71986.01, 0.02042], [71986.0, 0.0989], [71984.02, 0.01007], [71984.01, 0.0], [71984.0, 0.0989], [71983.97, 0.0], [71983.96, 0.0], [71983.95, 0.0], [71983.94, 0.0], [71983.93, 0.0], [71983.91, 0.0], [71983.89, 0.0], [71983.81, 0.0], [71983.58, 0.0], [71982.97, 0.0], [71982.96, 0.0], [71982.26, 0.0], [71982.25, 0.0], [71982.24, 0.00462], [71982.23, 0.0], [71982.22, 0.0], [71982.21, 0.0], [71982.2, 0.0], [71982.19, 0.0], [71982.18, 0.0], [71982.17, 0.0], [71982.16, 0.0], [71982.15, 0.0], [71982.14, 0.01007], [71982.13, 0.11324], [71982.09, 0.0], [71982.01, 0.00042], [71982.0, 0.0989], [71981.34, 0.0], [71980.84, 0.0], [71980.69, 0.0], [71980.02, 0.0], [71980.01, 0.0], [71978.02, 0.25873], [71977.88, 0.0], [71975.82, 0.0696], [71973.32, 0.0], [71973.22, 0.0], [71969.98, 0.2], [71969.57, 0.0], [71968.9, 0.0], [71966.55, 0.00041], [71966.54, 0.0], [71955.6, 0.0], [71955.15, 0.0], [71953.39, 0.001], [71952.5, 0.00052], [71952.27, 0.0], [71949.93, 0.0007], [71949.14, 0.00041], [71948.87, 0.0], [71940.71, 0.24517], [71924.33, 0.0], [71921.02, 0.00052], [71916.56, 0.0], [71913.1, 0.0007], [71912.4, 0.0]], "_doc": "68178951-6c5c-426c-94cf-0c76299bdedf"}, {"timestamp": "2024-04-08 22:28:17", "receive_time": 1712611697.211, "asks": [[71986.76, 0.04453], [71986.77, 0.0], [71986.78, 0.0], [71986.79, 0.0], [71986.8, 0.0], [71986.81, 0.0], [71986.82, 0.0], [71986.83, 0.0], [71986.84, 0.0], [71986.85, 0.0], [71986.86, 0.0], [71986.87, 0.0], [71986.88, 0.0], [71986.93, 0.0], [71986.98, 0.0], [71987.45, 0.00044], [71987.68, 0.01005], [71987.69, 0.0], [71987.7, 0.0], [71987.71, 0.0], [71987.72, 0.0], [71987.73, 0.0], [71987.74, 0.0], [71987.75, 0.0], [71987.76, 0.0], [71987.86, 0.0], [71989.14, 0.0], [71989.15, 0.0], [71989.28, 0.01005], [71989.29, 0.01001], [71989.3, 0.0], [71989.31, 0.0], [71989.32, 0.01042], [71989.33, 0.0], [71989.34, 0.0], [71989.35, 0.0], [71989.36, 0.0], [71989.37, 0.0], [71989.38, 0.0], [71989.39, 0.0], [71992.26, 0.0], [71992.46, 0.02332], [71992.67, 0.0], [72030.36, 0.0], [72031.14, 0.00348], [72073.51, 0.0], [72075.41, 0.00383]], "bids": [[71983.95, 0.01], [71983.94, 0.0039], [71983.93, 0.01], [71983.92, 0.0], [71983.81, 0.07592], [71983.0, 0.0], [71982.99, 0.0], [71982.21, 0.01005], [71982.2, 0.0], [71982.19, 0.0], [71982.18, 0.0], [71982.17, 0.0], [71982.16, 0.0], [71982.15, 0.0], [71982.14, 0.0], [71980.69, 0.01], [71980.02, 0.0], [71970.02, 0.0], [71969.98, 0.2], [71969.57, 0.00041], [71968.9, 0.0], [71967.47, 0.0], [71956.0, 0.0], [71955.6, 0.00052], [71955.15, 0.001], [71955.14, 0.0], [71952.85, 0.0], [71952.27, 0.00041], [71924.81, 0.0], [71924.33, 0.00052], [71840.37, 0.00629], [71840.09, 0.0]], "_doc": "6de44ec7-1eec-4c04-a696-04699949f8aa"}, {"timestamp": "2024-04-08 22:28:16", "receive_time": 1712611696.211, "asks": [[71986.87, 0.05893], [71986.88, 0.00602], [71986.89, 0.0], [71986.9, 0.0], [71986.91, 0.0], [71986.92, 0.0], [71986.93, 0.00601], [71986.94, 0.0], [71986.95, 0.0], [71986.96, 0.0], [71986.97, 0.0], [71986.98, 0.00601], [71986.99, 0.0], [71987.0, 0.0], [71987.01, 0.0], [71987.02, 0.0], [71987.03, 0.0], [71987.04, 0.0], [71987.05, 0.0], [71987.06, 0.0], [71987.07, 0.0], [71987.08, 0.0], [71987.09, 0.0], [71987.1, 0.0], [71987.11, 0.0], [71987.12, 0.0], [71987.13, 0.0], [71987.14, 0.0], [71987.15, 0.0], [71987.16, 0.0], [71987.17, 0.0], [71987.18, 0.0], [71987.19, 0.01998], [71987.2, 0.0], [71987.21, 0.0], [71987.22, 0.0], [71987.23, 0.0], [71987.24, 0.0], [71987.25, 0.0], [71987.26, 0.0], [71987.27, 0.0], [71987.28, 0.0], [71987.29, 0.0], [71987.3, 0.0], [71987.31, 0.0], [71987.32, 0.0], [71987.33, 0.0], [71987.34, 0.0], [71987.35, 0.0], [71987.36, 0.0], [71987.37, 0.0], [71987.38, 0.0], [71987.39, 0.0], [71987.4, 0.0], [71987.41, 0.0], [71987.42, 0.0], [71987.43, 0.0], [71987.44, 0.0], [71987.45, 0.0], [71987.46, 0.0], [71987.47, 0.0], [71987.48, 0.0], [71987.49, 0.0], [71987.5, 0.0], [71987.51, 0.0], [71987.52, 0.0], [71987.53, 0.0], [71987.54, 0.0], [71987.55, 0.0], [71987.56, 0.0], [71987.57, 0.0], [71987.58, 0.0], [71987.59, 0.0], [71987.77, 0.07996], [71988.41, 0.0], [71988.42, 0.0], [71989.15, 0.01009], [71989.16, 0.0], [71989.17, 0.0], [71989.18, 0.0], [71989.19, 0.0], [71989.2, 0.0], [71989.21, 0.0], [71989.22, 0.0], [71989.23, 0.0], [71989.24, 0.0], [71989.31, 0.0], [71989.32, 0.0], [71989.39, 0.01009], [71989.4, 0.0], [71989.41, 0.0], [71989.42, 0.0], [71989.43, 0.0], [71989.44, 0.0], [71989.45, 0.0], [71989.96, 0.0], [71993.99, 0.0], [71995.17, 0.0], [72097.52, 0.00015]], "bids": [[71985.55, 0.0], [71985.54, 0.0], [71985.53, 0.0], [71985.52, 0.0], [71985.51, 0.0], [71985.5, 0.0], [71985.49, 0.0], [71985.48, 0.0], [71985.47, 0.0], [71985.46, 0.0], [71985.45, 0.0], [71985.44, 0.0], [71985.43, 0.0], [71985.42, 0.0], [71985.41, 0.0], [71985.4, 0.0], [71985.39, 0.0], [71985.38, 0.0], [71985.36, 0.0], [71984.79, 0.0], [71984.15, 0.0], [71984.03, 0.0], [71983.93, 0.00462], [71983.92, 0.0], [71983.91, 0.02208], [71983.9, 0.0], [71983.89, 0.00069], [71983.88, 0.0], [71983.61, 0.0], [71982.99, 0.06803], [71982.82, 0.0], [71982.77, 0.0], [71982.21, 0.01009], [71982.2, 0.0], [71982.19, 0.0], [71982.18, 0.0], [71982.17, 0.0], [71982.16, 0.0], [71982.15, 0.0], [71982.14, 0.00043], [71981.28, 0.0], [71968.92, 0.0], [71968.91, 0.0], [71968.9, 0.0], [71967.47, 0.2], [71956.57, 0.0], [71955.14, 0.001]], "_doc": "e5060f75-37e4-4190-aa6e-0f61f550b8a5"}, {"timestamp": "2024-04-08 22:28:15", "receive_time": 1712611695.211, "asks": [[71987.1, 0.00457], [71987.11, 0.0], [71987.12, 0.0], [71987.13, 0.0], [71987.14, 0.0], [71987.15, 0.0], [71987.16, 0.0], [71987.17, 0.0], [71987.18, 0.0], [71987.19, 0.0], [71987.2, 0.0], [71987.21, 0.0], [71987.22, 0.0], [71987.23, 0.0], [71987.24, 0.0], [71987.25, 0.0], [71987.26, 0.0], [71987.27, 0.0], [71987.28, 0.0], [71987.29, 0.0], [71987.3, 0.0], [71987.31, 0.0], [71987.32, 0.0], [71987.33, 0.0], [71987.34, 0.0], [71987.35, 0.0], [71987.36, 0.0], [71987.37, 0.0], [71987.59, 0.01009], [71987.6, 0.0], [71987.61, 0.0], [71987.62, 0.0], [71987.63, 0.0], [71987.64, 0.0], [71987.65, 0.0], [71987.66, 0.0], [71987.84, 0.0], [71987.86, 0.00044], [71989.32, 0.01009], [71989.33, 0.0], [71989.34, 0.0], [71989.35, 0.0], [71989.36, 0.0], [71989.37, 0.0], [71989.38, 0.0], [71989.39, 0.0], [71989.4, 0.0], [71989.41, 0.0], [71989.42, 0.0], [71989.43, 0.0], [71989.44, 0.0], [71989.45, 0.0], [71989.96, 0.07774], [72027.01, 0.0], [72027.19, 0.0], [72028.37, 0.0007], [72030.36, 0.00348], [72069.77, 0.0], [72070.13, 0.0], [72071.38, 0.00064], [72073.51, 0.00348]], "bids": [[71985.38, 0.02], [71985.37, 0.0], [71985.36, 0.00203], [71985.35, 0.0], [71985.34, 0.0], [71985.33, 0.0], [71985.32, 0.0], [71985.31, 0.0], [71985.3, 0.0], [71985.29, 0.0], [71985.28, 0.0], [71985.27, 0.0], [71985.26, 0.0], [71985.25, 0.0], [71985.24, 0.0], [71985.23, 0.0], [71985.22, 0.0], [71985.21, 0.0], [71985.2, 0.0], [71985.19, 0.0], [71985.18, 0.0], [71985.17, 0.0], [71985.16, 0.0], [71985.15, 0.0], [71985.14, 0.0], [71985.13, 0.0], [71985.12, 0.0], [71985.11, 0.0], [71985.1, 0.0], [71985.09, 0.0], [71985.08, 0.0], [71985.07, 0.0], [71985.06, 0.0], [71985.05, 0.0], [71985.04, 0.0], [71985.03, 0.0], [71985.02, 0.0], [71985.01, 0.0], [71985.0, 0.0], [71984.99, 0.0], [71984.98, 0.0], [71984.97, 0.0], [71984.96, 0.0], [71984.95, 0.0], [71984.94, 0.0], [71984.93, 0.0], [71984.92, 0.0], [71984.91, 0.0], [71984.9, 0.0], [71984.89, 0.0], [71984.88, 0.0], [71984.87, 0.0], [71984.86, 0.0], [71984.85, 0.0], [71984.84, 0.0], [71984.83, 0.0], [71984.82, 0.0], [71984.81, 0.0], [71984.8, 0.0], [71984.79, 0.00069], [71984.78, 0.0], [71984.77, 0.0], [71984.76, 0.0], [71984.75, 0.0], [71984.74, 0.0], [71984.73, 0.0], [71984.72, 0.0], [71984.71, 0.0], [71984.7, 0.0], [71984.69, 0.0], [71984.68, 0.0], [71984.67, 0.0], [71984.66, 0.0], [71984.65, 0.0], [71984.64, 0.0], [71984.63, 0.0], [71984.62, 0.0], [71984.61, 0.0], [71984.6, 0.0], [71984.59, 0.0], [71984.58, 0.0], [71984.57, 0.0], [71984.56, 0.0], [71984.55, 0.0], [71984.54, 0.0], [71984.53, 0.0], [71984.52, 0.0], [71984.51, 0.0], [71984.5, 0.0], [71984.49, 0.0], [71984.48, 0.0], [71984.47, 0.0], [71984.45, 0.0], [71984.33, 0.0], [71983.61, 0.00043], [71983.6, 0.0], [71983.59, 0.0], [71983.58, 0.0002], [71983.28, 0.0], [71982.82, 0.01009], [71982.81, 0.0], [71982.8, 0.0], [71982.79, 0.0], [71982.78, 0.0], [71980.68, 0.0696], [71980.02, 0.0], [71970.03, 0.0], [71970.02, 0.00041], [71970.01, 0.0], [71968.9, 0.2], [71967.21, 0.0], [71956.57, 0.001], [71956.0, 0.00052], [71955.93, 0.0], [71954.79, 0.0], [71953.11, 0.0], [71952.85, 0.00041], [71950.17, 0.0], [71949.14, 0.0], [71948.87, 0.0007], [71947.84, 0.0], [71943.44, 0.016], [71924.81, 0.00052], [71921.96, 0.0], [71912.4, 0.0007], [71911.42, 0.0], [71760.22, 0.00028]], "_doc": "f0247776-660d-482e-9e18-ad6c0479f167"}, {"timestamp": "2024-04-08 22:28:14", "receive_time": 1712611694.211, "asks": [[71985.27, 0.0], [71985.28, 0.0], [71985.29, 0.0], [71985.3, 0.0], [71985.31, 0.0], [71985.32, 0.0], [71985.33, 0.0], [71985.34, 0.0], [71985.35, 0.0], [71985.36, 0.0], [71985.37, 0.0], [71985.38, 0.0], [71985.39, 0.0], [71985.4, 0.0], [71985.41, 0.0], [71985.42, 0.0], [71985.43, 0.0], [71985.44, 0.0], [71985.45, 0.0], [71985.46, 0.0], [71985.47, 0.0], [71985.48, 0.0], [71985.49, 0.0], [71985.5, 0.0], [71985.51, 0.0], [71985.52, 0.0], [71985.53, 0.0], [71985.54, 0.0], [71985.55, 0.0], [71985.56, 0.0], [71985.57, 0.0], [71985.58, 0.0], [71985.63, 0.0], [71986.74, 0.0], [71986.75, 0.0], [71987.33, 0.00287], [71987.34, 0.00299], [71987.35, 0.00596], [71987.36, 0.00589], [71987.37, 0.00307], [71987.38, 0.0], [71987.39, 0.0], [71987.4, 0.0], [71987.41, 0.0], [71987.42, 0.0], [71987.43, 0.0], [71987.44, 0.0], [71987.45, 0.0], [71987.46, 0.0], [71987.47, 0.0], [71987.48, 0.0], [71987.49, 0.0], [71987.5, 0.0], [71987.51, 0.0], [71987.52, 0.0], [71987.53, 0.0], [71987.54, 0.0], [71987.55, 0.0], [71987.56, 0.0], [71987.57, 0.0], [71987.58, 0.0], [71987.59, 0.0], [71987.6, 0.0], [71987.61, 0.0], [71987.62, 0.0], [71987.63, 0.0], [71987.64, 0.0], [71987.65, 0.0], [71987.66, 0.0794], [71987.83, 0.0], [71988.42, 0.0096], [71988.43, 0.0], [71989.42, 0.02019], [71989.43, 0.0], [71989.44, 0.0], [71989.45, 0.0], [71989.46, 0.06959], [71989.97, 0.0], [71989.98, 0.0], [71989.99, 0.0], [71997.54, 0.0], [72019.99, 0.0], [72023.68, 0.65895], [72083.18, 0.0056]], "bids": [[71984.49, 0.00304], [71984.48, 0.02], [71984.47, 0.02043], [71984.46, 0.0], [71984.45, 0.00299], [71984.44, 0.0], [71984.43, 0.0], [71984.42, 0.0], [71984.41, 0.0], [71984.4, 0.0], [71984.39, 0.0], [71984.38, 0.0], [71984.37, 0.0], [71984.36, 0.0], [71984.35, 0.0], [71984.34, 0.0], [71984.33, 0.00307], [71984.32, 0.0], [71984.31, 0.0], [71984.3, 0.0], [71984.29, 0.0], [71984.28, 0.0], [71984.27, 0.0], [71984.26, 0.0], [71984.25, 0.0], [71984.24, 0.0], [71984.23, 0.0], [71984.22, 0.0], [71984.21, 0.0], [71984.2, 0.0], [71984.19, 0.0], [71984.18, 0.0], [71984.17, 0.0], [71984.16, 0.0], [71984.15, 0.00462], [71984.14, 0.0], [71984.13, 0.0], [71984.12, 0.0], [71984.11, 0.0], [71984.1, 0.0], [71984.09, 0.0], [71984.08, 0.0], [71984.07, 0.0], [71984.06, 0.0], [71984.05, 0.0], [71984.04, 0.0], [71984.03, 0.0], [71984.02, 0.0], [71984.01, 0.0], [71984.0, 0.0], [71983.99, 0.0], [71983.98, 0.0], [71983.97, 0.0], [71983.96, 0.0], [71983.95, 0.0], [71983.94, 0.0], [71983.93, 0.0], [71983.92, 0.0], [71983.91, 0.0], [71983.9, 0.0], [71983.89, 0.0], [71983.88, 0.0], [71983.87, 0.0], [71983.86, 0.0], [71983.85, 0.0], [71983.84, 0.0], [71983.83, 0.0], [71983.82, 0.0], [71983.81, 0.0], [71983.8, 0.0], [71983.79, 0.0], [71983.78, 0.0], [71983.77, 0.0], [71983.76, 0.0], [71983.75, 0.0], [71983.74, 0.0], [71983.73, 0.0], [71983.72, 0.0], [71983.71, 0.0], [71983.7, 0.0], [71983.69, 0.0], [71983.68, 0.0], [71983.67, 0.0], [71983.66, 0.0], [71983.65, 0.0], [71983.64, 0.0], [71983.63, 0.0], [71983.62, 0.0], [71983.61, 0.0], [71983.6, 0.0], [71983.59, 0.00043], [71982.15, 0.0], [71980.1, 0.0], [71980.02, 0.01009], [71970.01, 0.2], [71970.0, 0.00062], [71969.99, 0.0], [71969.98, 0.0], [71968.9, 0.0], [71967.48, 0.0], [71967.47, 0.0], [71966.54, 0.0], [71955.43, 0.0], [71954.79, 0.001], [71916.84, 0.0], [71916.56, 0.03], [71840.09, 0.00629], [71837.92, 0.0]], "_doc": "931c2a91-053d-48f9-b437-657805d50070"}, {"timestamp": "2024-04-08 22:28:13", "receive_time": 1712611693.211, "asks": [[71985.57, 0.0139], [71985.58, 0.0061], [71985.59, 0.0], [71985.6, 0.0], [71985.61, 0.0], [71985.62, 0.0], [71985.63, 0.00586], [71985.64, 0.0], [71985.65, 0.0], [71985.66, 0.0], [71985.67, 0.0], [71985.68, 0.0], [71985.69, 0.0], [71985.7, 0.0], [71985.71, 0.0], [71985.72, 0.0], [71985.73, 0.0], [71985.74, 0.0], [71985.75, 0.0], [71985.76, 0.0], [71985.77, 0.0], [71985.78, 0.0], [71985.79, 0.0], [71985.8, 0.0], [71985.81, 0.0], [71985.82, 0.0], [71985.83, 0.0], [71985.84, 0.0], [71985.85, 0.0], [71985.86, 0.0], [71985.87, 0.0], [71985.88, 0.0], [71985.89, 0.0], [71985.9, 0.0], [71985.91, 0.0], [71985.92, 0.0], [71985.93, 0.0], [71985.94, 0.0], [71985.95, 0.0], [71985.96, 0.0], [71985.97, 0.0], [71985.98, 0.0], [71985.99, 0.0], [71986.0, 0.0], [71986.01, 0.0], [71986.02, 0.0], [71986.03, 0.0], [71986.04, 0.0], [71986.05, 0.0], [71986.06, 0.0], [71986.07, 0.0], [71986.08, 0.0], [71986.09, 0.0], [71986.1, 0.0], [71986.11, 0.0], [71986.12, 0.0], [71986.13, 0.0], [71986.14, 0.0], [71986.15, 0.0], [71986.16, 0.0], [71986.17, 0.0], [71986.18, 0.0], [71986.19, 0.0], [71986.2, 0.0], [71986.21, 0.0], [71986.22, 0.0], [71986.23, 0.0], [71986.24, 0.0], [71986.25, 0.0], [71986.26, 0.0], [71986.27, 0.0], [71986.28, 0.0], [71986.29, 0.0], [71986.3, 0.0], [71986.31, 0.0], [71986.32, 0.0], [71986.33, 0.0], [71986.34, 0.0], [71986.35, 0.0], [71986.36, 0.0], [71986.37, 0.0], [71986.38, 0.0], [71986.39, 0.0], [71986.4, 0.0], [71986.41, 0.0], [71986.42, 0.0], [71986.43, 0.0], [71986.44, 0.0], [71986.45, 0.0], [71986.46, 0.0], [71986.47, 0.0], [71986.48, 0.0], [71986.49, 0.0], [71986.5, 0.0], [71986.51, 0.0], [71986.52, 0.0], [71986.53, 0.0], [71986.54, 0.0], [71986.55, 0.0], [71986.56, 0.0], [71986.57, 0.0], [71986.58, 0.0], [71986.59, 0.0], [71986.6, 0.0], [71986.61, 0.0], [71986.62, 0.0], [71986.63, 0.0], [71986.64, 0.0], [71986.65, 0.0], [71986.66, 0.0], [71986.67, 0.0], [71986.68, 0.0], [71986.69, 0.0], [71986.7, 0.0], [71986.71, 0.0], [71986.72, 0.0], [71986.73, 0.0], [71986.74, 0.0], [71986.75, 0.02018], [71986.76, 0.0], [71986.77, 0.0], [71986.78, 0.0], [71986.79, 0.0], [71986.8, 0.0], [71986.81, 0.0], [71986.82, 0.0], [71986.83, 0.0], [71986.84, 0.0], [71986.85, 0.0], [71986.86, 0.0], [71986.87, 0.0], [71986.88, 0.0], [71986.89, 0.0], [71986.9, 0.0], [71986.91, 0.0], [71986.92, 0.0], [71986.93, 0.0], [71986.94, 0.0], [71986.95, 0.0], [71986.96, 0.0], [71986.97, 0.0], [71987.01, 0.0], [71987.03, 0.0], [71987.06, 0.0], [71987.6, 0.0], [71987.61, 0.0], [71987.62, 0.0], [71987.63, 0.0], [71987.64, 0.0], [71987.84, 0.00044], [71988.21, 0.0], [71988.22, 0.0], [71988.23, 0.0], [71988.24, 0.0], [71988.25, 0.0], [71988.53, 0.0], [71988.54, 0.0], [71988.55, 0.0], [71988.56, 0.0], [71989.5, 0.0], [71989.51, 0.0], [71989.94, 0.0], [71989.95, 0.0], [71989.96, 0.0], [71989.97, 0.0], [71989.98, 0.0], [71989.99, 0.03052], [72019.2, 0.0], [72026.53, 0.0], [72027.01, 0.00348], [72027.19, 0.0007], [72029.6, 0.0], [72065.49, 0.0], [72069.04, 0.0], [72069.77, 0.00348], [72070.13, 0.00064], [72072.52, 0.0], [72086.39, 0.0]], "bids": [[71984.26, 0.0], [71984.25, 0.0], [71984.24, 0.0], [71984.23, 0.0], [71984.22, 0.0], [71984.21, 0.0], [71984.2, 0.0], [71984.19, 0.0], [71984.18, 0.0], [71984.17, 0.0], [71984.16, 0.0], [71984.15, 0.0], [71984.14, 0.0], [71984.13, 0.0], [71984.12, 0.0], [71984.11, 0.0], [71984.1, 0.0], [71984.09, 0.0], [71984.08, 0.0], [71984.07, 0.0], [71984.06, 0.0], [71984.05, 0.0], [71984.04, 0.0], [71984.0, 0.0], [71983.97, 0.0], [71983.96, 0.0], [71983.85, 0.0], [71983.84, 0.0], [71983.59, 0.0007], [71983.58, 0.06979], [71983.31, 0.0], [71982.77, 0.08221], [71982.15, 0.01009], [71982.14, 0.0], [71982.0, 0.0], [71981.91, 0.0], [71980.89, 0.0], [71980.03, 0.0], [71980.02, 0.0], [71969.98, 0.0], [71968.9, 0.0], [71968.89, 0.02412], [71967.47, 0.2], [71967.46, 0.01282], [71967.21, 0.00041], [71967.08, 0.0], [71966.55, 0.0], [71966.54, 0.0], [71956.38, 0.0], [71955.95, 0.22266], [71955.43, 0.001], [71955.21, 0.0], [71953.11, 0.00052], [71952.88, 0.0], [71950.28, 0.0], [71950.17, 0.00041], [71950.12, 0.0], [71947.84, 0.0007], [71921.96, 0.00052], [71921.73, 0.0], [71917.03, 0.0], [71913.88, 0.0], [71911.42, 0.0007], [71844.95, 0.0286], [71841.89, 0.0167]], "_doc": "e995c6dd-e898-424f-8362-71da60da79ff"}, {"timestamp": "2024-04-08 22:28:12", "receive_time": 1712611692.211, "asks": [[71985.59, 0.0], [71985.6, 0.0], [71985.61, 0.0], [71985.62, 0.0], [71985.63, 0.0], [71985.64, 0.0], [71985.65, 0.0], [71985.66, 0.0], [71985.67, 0.0], [71985.68, 0.0], [71985.69, 0.0], [71985.7, 0.0], [71985.71, 0.0], [71985.72, 0.0], [71985.73, 0.0], [71985.74, 0.0], [71985.75, 0.0], [71985.76, 0.0], [71985.77, 0.0], [71985.78, 0.0], [71985.79, 0.0], [71985.8, 0.0], [71985.81, 0.0], [71985.82, 0.0], [71985.83, 0.0], [71985.84, 0.0], [71985.85, 0.0], [71985.86, 0.0], [71985.87, 0.0], [71985.88, 0.0], [71985.89, 0.0], [71985.9, 0.0], [71985.91, 0.0], [71985.92, 0.0], [71985.96, 0.0], [71986.0, 0.0], [71986.03, 0.0], [71986.07, 0.0], [71986.11, 0.0], [71986.97, 0.02299], [71986.98, 0.0], [71986.99, 0.0], [71987.0, 0.0], [71987.01, 0.003], [71987.02, 0.0], [71987.03, 0.00594], [71987.04, 0.0], [71987.05, 0.0], [71987.06, 0.003], [71987.07, 0.0], [71987.08, 0.0], [71987.09, 0.0], [71987.1, 0.0], [71987.11, 0.0], [71987.12, 0.0], [71987.13, 0.0], [71987.14, 0.0], [71987.15, 0.0], [71987.16, 0.0], [71987.17, 0.0], [71987.18, 0.0], [71987.19, 0.0], [71987.2, 0.0], [71987.21, 0.0], [71987.22, 0.0], [71987.23, 0.0], [71987.24, 0.0], [71987.25, 0.0], [71987.26, 0.0], [71987.27, 0.0], [71987.28, 0.0], [71987.29, 0.0], [71987.3, 0.0], [71987.31, 0.0], [71987.32, 0.0], [71987.33, 0.0], [71987.34, 0.0], [71987.35, 0.0], [71987.36, 0.0], [71987.37, 0.0], [71987.38, 0.0], [71987.42, 0.0], [71987.97, 0.0], [71988.0, 0.0], [71989.95, 0.01009], [71989.96, 0.02043], [71989.97, 0.02018], [71989.98, 0.0], [71989.99, 0.0], [71990.61, 0.1356], [71990.62, 0.14654], [71990.64, 0.14173], [71990.65, 0.12509], [71990.66, 0.12009], [71990.67, 0.07448], [71991.97, 0.00117], [71991.98, 0.0], [71993.99, 0.06453], [71995.55, 0.0], [71995.61, 0.0], [71995.63, 0.0], [71995.64, 0.0], [71995.65, 0.0], [71995.66, 0.0], [71995.67, 0.0], [72026.53, 0.00348], [72028.92, 0.0], [72069.04, 0.00348], [72071.16, 0.0]], "bids": [[71984.07, 0.00299], [71984.06, 0.00112], [71984.05, 0.003], [71984.04, 0.003], [71984.03, 0.0], [71984.02, 0.0], [71984.01, 0.0], [71984.0, 0.0989], [71983.99, 0.0], [71983.98, 0.0], [71983.97, 0.0], [71983.96, 0.04], [71983.95, 0.0], [71983.94, 0.0], [71983.93, 0.0], [71983.85, 0.0], [71983.58, 0.06959], [71983.28, 0.00069], [71982.77, 0.08074], [71982.22, 0.0], [71982.21, 0.0], [71982.2, 0.0], [71982.17, 0.0], [71982.16, 0.0], [71982.15, 0.0], [71982.14, 0.0], [71981.92, 0.0], [71980.53, 0.0], [71980.02, 0.01008], [71969.95, 0.0], [71969.25, 9e-05], [71968.9, 0.0], [71967.08, 0.00041], [71955.52, 0.0], [71955.21, 0.001], [71955.16, 0.0], [71953.23, 0.0], [71952.88, 0.00052], [71950.12, 0.00041], [71924.35, 0.0], [71921.73, 0.00052], [71825.31, 9e-05], [71808.95, 0.02852], [71772.96, 0.05671], [71755.27, 0.0], [71736.96, 0.05694]], "_doc": "a80980b6-9d86-45d3-bb13-1ef816314b49"}