[
    {
        "trades": [
            {
                "side": "sell",
                "price": 71977.92,
                "quantity": 9e-05,
                "timestamp": "2024-04-08 22:28:46"
            }
        ],
        "liquidations": [],
        "receive_time": 1712611726.367,
        "_doc": "02e3e8a9-022a-4795-9427-fe328f0a1b6e"
    },
    {
        "trades": [
            {
                "side": "sell",
                "price": 71977.91,
                "quantity": 0.02336,
                "timestamp": "2024-04-08 22:28:46"
            }
        ],
        "liquidations": [],
        "receive_time": 1712611726.367,
        "_doc": "0b6aee08-7665-40ca-a7e0-a16484885a40"
    },
    {
        "trades": [
            {
                "side": "sell",
                "price": 71848.39,
                "quantity": 0.00209,
                "timestamp": "2024-04-08 22:28:46"
            }
        ],
        "liquidations": [],
        "receive_time": 1712611726.343,
        "_doc": "fa07d2a3-fba6-4239-870e-053ab0b9dfc0"
    },
    {
        "trades": [
            {
                "side": "sell",
                "price": 71977.89,
                "quantity": 0.02413,
                "timestamp": "2024-04-08 22:28:46"
            }
        ],
        "liquidations": [],
        "receive_time": 1712611726.3,
        "_doc": "b7a5c06f-67da-4df4-888e-0351b09bd203"
    },
    {
        "trades": [
            {
                "side": "buy",
                "price": 71975.7,
                "quantity": 0.04,
                "timestamp": "2024-04-08 22:28:46"
            }
        ],
        "liquidations": [],
        "receive_time": 1712611726.268,
        "_doc": "86f7b28e-0d4a-461e-8895-4b21bd3617b9"
    },
    {
        "trades": [
            {
                "side": "sell",
                "price": 71978.01,
                "quantity": 0.00064,
                "timestamp": "2024-04-08 22:28:46"
            }
        ],
        "liquidations": [],
        "receive_time": 1712611726.238,
        "_doc": "e2b3c5b3-7285-4dbe-be26-b0ce13eaff41"
    },
    {
        "trades": [
            {
                "side": "sell",
                "price": 71977.96,
                "quantity": 0.00294,
                "timestamp": "2024-04-08 22:28:46"
            }
        ],
        "liquidations": [],
        "receive_time": 1712611726.238,
        "_doc": "00529b7d-24e3-4bb7-a5eb-8fc42af4131d"
    },
    {
        "trades": [
            {
                "side": "sell",
                "price": 71977.93,
                "quantity": 0.00258,
                "timestamp": "2024-04-08 22:28:46"
            }
        ],
        "liquidations": [],
        "receive_time": 1712611726.238,
        "_doc": "e73abf86-55f8-46b0-b527-17f085f7e920"
    },
    {
        "trades": [
            {
                "side": "sell",
                "price": 71977.92,
                "quantity": 0.01738,
                "timestamp": "2024-04-08 22:28:46"
            }
        ],
        "liquidations": [],
        "receive_time": 1712611726.238,
        "_doc": "6352fa28-5dcb-4096-82d0-a125cfd5912b"
    },
    {
        "trades": [
            {
                "side": "buy",
                "price": 71848.38,
                "quantity": 0.00011,
                "timestamp": "2024-04-08 22:28:46"
            }
        ],
        "liquidations": [],
        "receive_time": 1712611726.177,
        "_doc": "cee7fb16-5a42-4e9c-8eec-f0ea85d2bcbc"
    },
    {
        "trades": [
            {
                "side": "buy",
                "price": 71975.93,
                "quantity": 0.0696,
                "timestamp": "2024-04-08 22:28:46"
            }
        ],
        "liquidations": [],
        "receive_time": 1712611726.167,
        "_doc": "4fe74e65-4a9a-422b-a296-d403fefc7192"
    },
    {
        "trades": [
            {
                "side": "sell",
                "price": 71978.16,
                "quantity": 0.02262,
                "timestamp": "2024-04-08 22:28:46"
            }
        ],
        "liquidations": [],
        "receive_time": 1712611726.166,
        "_doc": "a2d3aac9-80d6-4d27-a835-2c0ae8b90123"
    },
    {
        "trades": [
            {
                "side": "buy",
                "price": 71848.38,
                "quantity": 0.00047,
                "timestamp": "2024-04-08 22:28:46"
            }
        ],
        "liquidations": [],
        "receive_time": 1712611726.15,
        "_doc": "bceb43f0-f998-46be-8513-2fce0da29f9f"
    },
    {
        "trades": [
            {
                "side": "buy",
                "price": 71976.42,
                "quantity": 0.00014,
                "timestamp": "2024-04-08 22:28:46"
            }
        ],
        "liquidations": [],
        "receive_time": 1712611726.077,
        "_doc": "687718c9-9055-4bab-9f49-2f98d32d6fa6"
    },
    {
        "trades": [
            {
                "side": "buy",
                "price": 71848.38,
                "quantity": 0.00195,
                "timestamp": "2024-04-08 22:28:46"
            }
        ],
        "liquidations": [],
        "receive_time": 1712611726.071,
        "_doc": "f7587f93-585c-4c7c-8df3-b69dd052180f"
    },
    {
        "trades": [
            {
                "side": "buy",
                "price": 71976.46,
                "quantity": 0.003,
                "timestamp": "2024-04-08 22:28:46"
            }
        ],
        "liquidations": [],
        "receive_time": 1712611726.067,
        "_doc": "2c0552d2-aa8a-451f-8dd0-6fde195f4e5a"
    },
    {
        "trades": [
            {
                "side": "buy",
                "price": 71976.45,
                "quantity": 0.00695,
                "timestamp": "2024-04-08 22:28:46"
            }
        ],
        "liquidations": [],
        "receive_time": 1712611726.057,
        "_doc": "51e569cb-a8d9-466c-8ad8-b347ae0a9ad0"
    },
    {
        "trades": [
            {
                "side": "buy",
                "price": 71842.0,
                "quantity": 0.02466,
                "timestamp": "2024-04-08 22:28:46"
            }
        ],
        "liquidations": [],
        "receive_time": 1712611726.021,
        "_doc": "8e0ad3a8-d8fe-49bc-abd3-6e9f9f25fc12"
    },
    {
        "trades": [
            {
                "side": "buy",
                "price": 71848.38,
                "quantity": 0.00891,
                "timestamp": "2024-04-08 22:28:45"
            }
        ],
        "liquidations": [],
        "receive_time": 1712611725.974,
        "_doc": "da353769-2403-4872-a0ee-0d8234ff3419"
    },
    {
        "trades": [
            {
                "side": "buy",
                "price": 71976.49,
                "quantity": 0.01003,
                "timestamp": "2024-04-08 22:28:45"
            }
        ],
        "liquidations": [],
        "receive_time": 1712611725.967,
        "_doc": "2b653667-846e-47d0-bf1a-04d8ae485588"
    },
    {
        "trades": [
            {
                "side": "sell",
                "price": 71978.52,
                "quantity": 0.01818,
                "timestamp": "2024-04-08 22:28:45"
            }
        ],
        "liquidations": [],
        "receive_time": 1712611725.966,
        "_doc": "5a39f838-6f47-40fe-bfb1-20b11feec47d"
    },
    {
        "trades": [
            {
                "side": "sell",
                "price": 71978.51,
                "quantity": 0.00307,
                "timestamp": "2024-04-08 22:28:45"
            }
        ],
        "liquidations": [],
        "receive_time": 1712611725.966,
        "_doc": "ef51b22d-8ae4-4af4-bacb-ed20c8c3e9d3"
    },
    {
        "trades": [
            {
                "side": "buy",
                "price": 71848.38,
                "quantity": 8e-05,
                "timestamp": "2024-04-08 22:28:45"
            }
        ],
        "liquidations": [],
        "receive_time": 1712611725.928,
        "_doc": "9e872360-b647-47f1-8483-9097fa7d7180"
    },
    {
        "trades": [
            {
                "side": "buy",
                "price": 71976.47,
                "quantity": 0.00298,
                "timestamp": "2024-04-08 22:28:45"
            }
        ],
        "liquidations": [],
        "receive_time": 1712611725.868,
        "_doc": "191dc3b6-121c-49c8-9b21-3f559b05bd9f"
    },
    {
        "trades": [
            {
                "side": "buy",
                "price": 71848.38,
                "quantity": 0.00018,
                "timestamp": "2024-04-08 22:28:45"
            }
        ],
        "liquidations": [],
        "receive_time": 1712611725.784,
        "_doc": "e401804e-dedd-478c-a12e-ecbdb82d2dc6"
    },
    {
        "trades": [
            {
                "side": "buy",
                "price": 71976.58,
                "quantity": 0.02043,
                "timestamp": "2024-04-08 22:28:45"
            }
        ],
        "liquidations": [],
        "receive_time": 1712611725.746,
        "_doc": "7010b1d1-b9ca-4773-8b6c-f5cbab0e7700"
    },
    {
        "trades": [
            {
                "side": "buy",
                "price": 71976.95,
                "quantity": 0.0004,
                "timestamp": "2024-04-08 22:28:45"
            }
        ],
        "liquidations": [],
        "receive_time": 1712611725.746,
        "_doc": "80b0e58b-9b77-439a-b017-8a61e30dc225"
    },
    {
        "trades": [
            {
                "side": "buy",
                "price": 71976.98,
                "quantity": 0.00442,
                "timestamp": "2024-04-08 22:28:45"
            }
        ],
        "liquidations": [],
        "receive_time": 1712611725.746,
        "_doc": "6738c6a6-b72e-46f5-8b75-51e8d755e83c"
    },
    {
        "trades": [
            {
                "side": "buy",
                "price": 71976.99,
                "quantity": 0.00298,
                "timestamp": "2024-04-08 22:28:45"
            }
        ],
        "liquidations": [],
        "receive_time": 1712611725.746,
        "_doc": "f2eea156-c3c0-4ac5-abb3-db0541250ce3"
    },
    {
        "trades": [
            {
                "side": "buy",
                "price": 71977.0,
                "quantity": 0.00299,
                "timestamp": "2024-04-08 22:28:45"
            }
        ],
        "liquidations": [],
        "receive_time": 1712611725.746,
        "_doc": "06b7e943-0271-4022-b538-6c3ac0bc9c94"
    },
    {
        "trades": [
            {
                "side": "buy",
                "price": 71976.98,
                "quantity": 0.01601,
                "timestamp": "2024-04-08 22:28:45"
            }
        ],
        "liquidations": [],
        "receive_time": 1712611725.694,
        "_doc": "6fbd4d4c-cee8-43e1-884e-649312fc8d9f"
    },
    {
        "trades": [
            {
                "side": "buy",
                "price": 71976.99,
                "quantity": 0.00302,
                "timestamp": "2024-04-08 22:28:45"
            }
        ],
        "liquidations": [],
        "receive_time": 1712611725.694,
        "_doc": "98d4c9a5-c087-44a6-8189-f87b09dde226"
    },
    {
        "trades": [
            {
                "side": "buy",
                "price": 71977.0,
                "quantity": 0.02043,
                "timestamp": "2024-04-08 22:28:45"
            }
        ],
        "liquidations": [],
        "receive_time": 1712611725.694,
        "_doc": "87dcc0a0-f1f5-41ed-b9a7-f9ee469e0026"
    },
    {
        "trades": [
            {
                "side": "buy",
                "price": 71976.97,
                "quantity": 0.00602,
                "timestamp": "2024-04-08 22:28:45"
            }
        ],
        "liquidations": [],
        "receive_time": 1712611725.666,
        "_doc": "851e09e3-3027-4283-8d3d-60cb5db4be5d"
    },
    {
        "trades": [
            {
                "side": "buy",
                "price": 71848.38,
                "quantity": 0.00108,
                "timestamp": "2024-04-08 22:28:45"
            }
        ],
        "liquidations": [],
        "receive_time": 1712611725.608,
        "_doc": "eaf524a9-9ef2-49ca-84f4-7707711fe5e0"
    },
    {
        "trades": [
            {
                "side": "buy",
                "price": 71976.98,
                "quantity": 0.04,
                "timestamp": "2024-04-08 22:28:45"
            }
        ],
        "liquidations": [],
        "receive_time": 1712611725.568,
        "_doc": "5d65bfa2-fae0-454e-85b7-5af45abf286f"
    },
    {
        "trades": [
            {
                "side": "sell",
                "price": 71978.89,
                "quantity": 0.00209,
                "timestamp": "2024-04-08 22:28:45"
            }
        ],
        "liquidations": [],
        "receive_time": 1712611725.493,
        "_doc": "f1d92203-1aba-4acb-8ab4-7b456c05cab1"
    },
    {
        "trades": [
            {
                "side": "sell",
                "price": 71978.88,
                "quantity": 0.01017,
                "timestamp": "2024-04-08 22:28:45"
            }
        ],
        "liquidations": [],
        "receive_time": 1712611725.493,
        "_doc": "279c2101-0184-44d7-9530-1d5b4392f5ff"
    },
    {
        "trades": [
            {
                "side": "sell",
                "price": 71978.88,
                "quantity": 0.00209,
                "timestamp": "2024-04-08 22:28:45"
            }
        ],
        "liquidations": [],
        "receive_time": 1712611725.439,
        "_doc": "dccdecbf-107e-4eb5-8502-63fd00025d88"
    },
    {
        "trades": [
            {
                "side": "sell",
                "price": 71978.87,
                "quantity": 0.02131,
                "timestamp": "2024-04-08 22:28:45"
            }
        ],
        "liquidations": [],
        "receive_time": 1712611725.366,
        "_doc": "ae7276f7-863e-4d87-a1ec-eb4278586302"
    },
    {
        "trades": [
            {
                "side": "sell",
                "price": 71848.39,
                "quantity": 0.00063,
                "timestamp": "2024-04-08 22:28:45"
            }
        ],
        "liquidations": [],
        "receive_time": 1712611725.341,
        "_doc": "efb677e3-5f4a-4662-a114-9eb28ce828ad"
    },
    {
        "trades": [
            {
                "side": "buy",
                "price": 71848.38,
                "quantity": 0.00034,
                "timestamp": "2024-04-08 22:28:45"
            }
        ],
        "liquidations": [],
        "receive_time": 1712611725.303,
        "_doc": "4fcfe67e-9717-42dc-befb-3609a7df2a4e"
    },
    {
        "trades": [
            {
                "side": "sell",
                "price": 71978.88,
                "quantity": 0.00643,
                "timestamp": "2024-04-08 22:28:45"
            }
        ],
        "liquidations": [],
        "receive_time": 1712611725.265,
        "_doc": "b3d1d3a7-6291-473e-bd4c-67af2e18e487"
    },
    {
        "trades": [
            {
                "side": "sell",
                "price": 71978.78,
                "quantity": 0.0145,
                "timestamp": "2024-04-08 22:28:45"
            }
        ],
        "liquidations": [],
        "receive_time": 1712611725.265,
        "_doc": "af7c1ce7-47aa-42e8-a6a8-f6c93bc6024f"
    },
    {
        "trades": [
            {
                "side": "sell",
                "price": 71848.39,
                "quantity": 0.0004,
                "timestamp": "2024-04-08 22:28:45"
            }
        ],
        "liquidations": [],
        "receive_time": 1712611725.169,
        "_doc": "ceb29372-ceec-4dbc-840b-6d80cc1a9d35"
    },
    {
        "trades": [
            {
                "side": "sell",
                "price": 71978.62,
                "quantity": 0.01467,
                "timestamp": "2024-04-08 22:28:44"
            }
        ],
        "liquidations": [],
        "receive_time": 1712611724.72,
        "_doc": "c2102874-0995-4166-b069-375792df94eb"
    },
    {
        "trades": [
            {
                "side": "sell",
                "price": 71978.6,
                "quantity": 0.00462,
                "timestamp": "2024-04-08 22:28:44"
            }
        ],
        "liquidations": [],
        "receive_time": 1712611724.72,
        "_doc": "24149cfb-b976-442f-ae36-9bf807e0b334"
    },
    {
        "trades": [
            {
                "side": "sell",
                "price": 71978.59,
                "quantity": 0.00301,
                "timestamp": "2024-04-08 22:28:44"
            }
        ],
        "liquidations": [],
        "receive_time": 1712611724.72,
        "_doc": "ea1b35eb-9dde-4efd-9c8e-cf2c5cf118f3"
    },
    {
        "trades": [
            {
                "side": "buy",
                "price": 71977.08,
                "quantity": 0.03714,
                "timestamp": "2024-04-08 22:28:44"
            }
        ],
        "liquidations": [],
        "receive_time": 1712611724.666,
        "_doc": "fc76d19d-2bbc-42ce-a4c1-37d0bb662f7d"
    },
    {
        "trades": [
            {
                "side": "sell",
                "price": 71978.61,
                "quantity": 0.01078,
                "timestamp": "2024-04-08 22:28:44"
            }
        ],
        "liquidations": [],
        "receive_time": 1712611724.626,
        "_doc": "27b607b6-8039-4a5e-aa2c-07379ae526ad"
    },
    {
        "trades": [
            {
                "side": "sell",
                "price": 71978.6,
                "quantity": 0.00248,
                "timestamp": "2024-04-08 22:28:44"
            }
        ],
        "liquidations": [],
        "receive_time": 1712611724.626,
        "_doc": "4a1448fb-f220-43f9-8a7b-812863e6bd38"
    },
    {
        "trades": [
            {
                "side": "sell",
                "price": 71978.58,
                "quantity": 0.00301,
                "timestamp": "2024-04-08 22:28:44"
            }
        ],
        "liquidations": [],
        "receive_time": 1712611724.626,
        "_doc": "93ffe2f0-dc5e-4232-89b6-4ed92f9d91dd"
    },
    {
        "trades": [
            {
                "side": "sell",
                "price": 71978.57,
                "quantity": 0.00462,
                "timestamp": "2024-04-08 22:28:44"
            }
        ],
        "liquidations": [],
        "receive_time": 1712611724.626,
        "_doc": "9a757062-6196-460a-8eaa-fa29ffacf3b3"
    },
    {
        "trades": [
            {
                "side": "sell",
                "price": 71978.6,
                "quantity": 0.02089,
                "timestamp": "2024-04-08 22:28:44"
            }
        ],
        "liquidations": [],
        "receive_time": 1712611724.566,
        "_doc": "c5fff3d0-20b0-4934-806a-73a1b0bf9e0e"
    },
    {
        "trades": [
            {
                "side": "sell",
                "price": 71848.39,
                "quantity": 0.00203,
                "timestamp": "2024-04-08 22:28:44"
            }
        ],
        "liquidations": [],
        "receive_time": 1712611724.484,
        "_doc": "e583d9d8-7c6a-4244-ab4e-6c82df2afc0a"
    },
    {
        "trades": [
            {
                "side": "buy",
                "price": 71976.45,
                "quantity": 0.03,
                "timestamp": "2024-04-08 22:28:44"
            }
        ],
        "liquidations": [],
        "receive_time": 1712611724.316,
        "_doc": "8059c295-d9dc-4519-9e6b-b16277c214a1"
    },
    {
        "trades": [
            {
                "side": "buy",
                "price": 71976.48,
                "quantity": 0.00972,
                "timestamp": "2024-04-08 22:28:44"
            }
        ],
        "liquidations": [],
        "receive_time": 1712611724.316,
        "_doc": "7603b7ff-8623-4b35-884c-3404964b67fe"
    },
    {
        "trades": [
            {
                "side": "buy",
                "price": 71976.97,
                "quantity": 0.00042,
                "timestamp": "2024-04-08 22:28:44"
            }
        ],
        "liquidations": [],
        "receive_time": 1712611724.313,
        "_doc": "d462c793-5bd4-422d-a2ae-c093b05fa36f"
    },
    {
        "trades": [
            {
                "side": "buy",
                "price": 71977.09,
                "quantity": 0.00447,
                "timestamp": "2024-04-08 22:28:44"
            }
        ],
        "liquidations": [],
        "receive_time": 1712611724.313,
        "_doc": "a3162578-11cc-4733-a8f1-573ee04832cf"
    },
    {
        "trades": [
            {
                "side": "buy",
                "price": 71977.1,
                "quantity": 0.00304,
                "timestamp": "2024-04-08 22:28:44"
            }
        ],
        "liquidations": [],
        "receive_time": 1712611724.313,
        "_doc": "05c0a034-200b-434a-a666-3ca22bede4fa"
    },
    {
        "trades": [
            {
                "side": "buy",
                "price": 71848.38,
                "quantity": 0.00664,
                "timestamp": "2024-04-08 22:28:44"
            }
        ],
        "liquidations": [],
        "receive_time": 1712611724.291,
        "_doc": "cc0e8dbd-f562-4638-999c-5f64cd622081"
    },
    {
        "trades": [
            {
                "side": "sell",
                "price": 71848.39,
                "quantity": 0.00185,
                "timestamp": "2024-04-08 22:28:44"
            }
        ],
        "liquidations": [],
        "receive_time": 1712611724.245,
        "_doc": "7cc053e6-7abe-4bd4-b98f-a021b2cc017a"
    },
    {
        "trades": [
            {
                "side": "buy",
                "price": 71976.96,
                "quantity": 0.09618,
                "timestamp": "2024-04-08 22:28:43"
            }
        ],
        "liquidations": [],
        "receive_time": 1712611723.962,
        "_doc": "bd41c7aa-c905-4204-8b4a-c66ffe630b91"
    },
    {
        "trades": [
            {
                "side": "buy",
                "price": 71976.97,
                "quantity": 0.02043,
                "timestamp": "2024-04-08 22:28:43"
            }
        ],
        "liquidations": [],
        "receive_time": 1712611723.962,
        "_doc": "3148ed37-18cb-4e16-abcf-40b392e87061"
    },
    {
        "trades": [
            {
                "side": "buy",
                "price": 71977.57,
                "quantity": 0.02847,
                "timestamp": "2024-04-08 22:28:43"
            }
        ],
        "liquidations": [],
        "receive_time": 1712611723.959,
        "_doc": "35a7156e-f883-4bce-b72d-6aac1342d6f3"
    },
    {
        "trades": [
            {
                "side": "sell",
                "price": 71980.29,
                "quantity": 0.00014,
                "timestamp": "2024-04-08 22:28:43"
            }
        ],
        "liquidations": [],
        "receive_time": 1712611723.902,
        "_doc": "e0d8fbc4-288c-4397-b430-8cacaf5ef4a1"
    },
    {
        "trades": [
            {
                "side": "sell",
                "price": 71980.28,
                "quantity": 0.00971,
                "timestamp": "2024-04-08 22:28:43"
            }
        ],
        "liquidations": [],
        "receive_time": 1712611723.902,
        "_doc": "f2fd6b78-54f9-4388-aae1-0fea76dc6a58"
    },
    {
        "trades": [
            {
                "side": "sell",
                "price": 71979.72,
                "quantity": 0.01114,
                "timestamp": "2024-04-08 22:28:43"
            }
        ],
        "liquidations": [],
        "receive_time": 1712611723.902,
        "_doc": "2b36a468-1779-45b3-8522-9c451da4bd5f"
    },
    {
        "trades": [
            {
                "side": "sell",
                "price": 71979.72,
                "quantity": 0.00148,
                "timestamp": "2024-04-08 22:28:43"
            }
        ],
        "liquidations": [],
        "receive_time": 1712611723.838,
        "_doc": "a18b5102-2eeb-4c0a-8fc7-259476e88bc6"
    },
    {
        "trades": [
            {
                "side": "sell",
                "price": 71979.59,
                "quantity": 0.02056,
                "timestamp": "2024-04-08 22:28:43"
            }
        ],
        "liquidations": [],
        "receive_time": 1712611723.838,
        "_doc": "60ef6f3d-6773-4c58-9925-b8ee4a5b4e10"
    },
    {
        "trades": [
            {
                "side": "sell",
                "price": 71979.59,
                "quantity": 0.01944,
                "timestamp": "2024-04-08 22:28:43"
            }
        ],
        "liquidations": [],
        "receive_time": 1712611723.785,
        "_doc": "7f9ee595-9a76-4e11-82db-40c8b53fe6de"
    },
    {
        "trades": [
            {
                "side": "sell",
                "price": 71979.58,
                "quantity": 0.00462,
                "timestamp": "2024-04-08 22:28:43"
            }
        ],
        "liquidations": [],
        "receive_time": 1712611723.785,
        "_doc": "11fbd182-2965-4a38-80ad-e34ec0ccd3bb"
    },
    {
        "trades": [
            {
                "side": "sell",
                "price": 71979.72,
                "quantity": 0.00651,
                "timestamp": "2024-04-08 22:28:43"
            }
        ],
        "liquidations": [],
        "receive_time": 1712611723.724,
        "_doc": "c1f13a36-287e-4512-9925-f23f63ce7b9a"
    },
    {
        "trades": [
            {
                "side": "sell",
                "price": 71979.59,
                "quantity": 0.0196,
                "timestamp": "2024-04-08 22:28:43"
            }
        ],
        "liquidations": [],
        "receive_time": 1712611723.724,
        "_doc": "e20913f4-7c21-434a-897f-02b95bb3d383"
    },
    {
        "trades": [
            {
                "side": "sell",
                "price": 71979.59,
                "quantity": 0.0204,
                "timestamp": "2024-04-08 22:28:43"
            }
        ],
        "liquidations": [],
        "receive_time": 1712611723.655,
        "_doc": "f532cb4c-66f8-4c3f-bd37-0cbb33a05072"
    },
    {
        "trades": [
            {
                "side": "sell",
                "price": 71979.57,
                "quantity": 0.00174,
                "timestamp": "2024-04-08 22:28:43"
            }
        ],
        "liquidations": [],
        "receive_time": 1712611723.655,
        "_doc": "698d3f09-aa70-4ac2-aee3-f2e9b2ef93b2"
    },
    {
        "trades": [
            {
                "side": "sell",
                "price": 71979.56,
                "quantity": 0.02214,
                "timestamp": "2024-04-08 22:28:43"
            }
        ],
        "liquidations": [],
        "receive_time": 1712611723.584,
        "_doc": "c0261c74-fd55-416c-b3d5-4c81b580b736"
    },
    {
        "trades": [
            {
                "side": "sell",
                "price": 71979.72,
                "quantity": 0.02087,
                "timestamp": "2024-04-08 22:28:43"
            }
        ],
        "liquidations": [],
        "receive_time": 1712611723.53,
        "_doc": "a8d7b84c-e179-40fd-93da-26225be1a9d2"
    },
    {
        "trades": [
            {
                "side": "sell",
                "price": 71979.7,
                "quantity": 0.00222,
                "timestamp": "2024-04-08 22:28:43"
            }
        ],
        "liquidations": [],
        "receive_time": 1712611723.53,
        "_doc": "f16cec57-619f-47ad-ad73-d38246fff3aa"
    },
    {
        "trades": [
            {
                "side": "sell",
                "price": 71979.69,
                "quantity": 0.00026,
                "timestamp": "2024-04-08 22:28:43"
            }
        ],
        "liquidations": [],
        "receive_time": 1712611723.473,
        "_doc": "ad814de2-92b8-4acc-94ec-8448804843db"
    },
    {
        "trades": [
            {
                "side": "sell",
                "price": 71980.0,
                "quantity": 0.02203,
                "timestamp": "2024-04-08 22:28:43"
            }
        ],
        "liquidations": [],
        "receive_time": 1712611723.424,
        "_doc": "f13ec957-ab02-4ea6-8e8f-60b1fcb002da"
    },
    {
        "trades": [
            {
                "side": "sell",
                "price": 71979.78,
                "quantity": 0.00057,
                "timestamp": "2024-04-08 22:28:43"
            }
        ],
        "liquidations": [],
        "receive_time": 1712611723.424,
        "_doc": "94544d58-f180-4b7e-bda2-74fa3cb0d8c8"
    },
    {
        "trades": [
            {
                "side": "buy",
                "price": 71848.38,
                "quantity": 0.03929,
                "timestamp": "2024-04-08 22:28:43"
            }
        ],
        "liquidations": [],
        "receive_time": 1712611723.407,
        "_doc": "ac16155b-745a-418c-861e-7521041d8cf3"
    },
    {
        "trades": [
            {
                "side": "sell",
                "price": 71979.78,
                "quantity": 0.01639,
                "timestamp": "2024-04-08 22:28:43"
            }
        ],
        "liquidations": [],
        "receive_time": 1712611723.365,
        "_doc": "a87376ff-45d2-483c-9d62-c9d1d203f0b2"
    },
    {
        "trades": [
            {
                "side": "sell",
                "price": 71979.77,
                "quantity": 0.00366,
                "timestamp": "2024-04-08 22:28:43"
            }
        ],
        "liquidations": [],
        "receive_time": 1712611723.365,
        "_doc": "d957eab6-613b-47c3-9c83-05bf1e438975"
    },
    {
        "trades": [
            {
                "side": "sell",
                "price": 71979.76,
                "quantity": 0.00303,
                "timestamp": "2024-04-08 22:28:43"
            }
        ],
        "liquidations": [],
        "receive_time": 1712611723.365,
        "_doc": "b179ce38-5fed-4489-9e31-90bbf3ed948b"
    },
    {
        "trades": [
            {
                "side": "buy",
                "price": 71848.38,
                "quantity": 0.00234,
                "timestamp": "2024-04-08 22:28:43"
            }
        ],
        "liquidations": [],
        "receive_time": 1712611723.329,
        "_doc": "8a2fc25b-f29d-43c7-a6c9-0d3d89ea5d9c"
    },
    {
        "trades": [
            {
                "side": "sell",
                "price": 71979.78,
                "quantity": 0.02165,
                "timestamp": "2024-04-08 22:28:43"
            }
        ],
        "liquidations": [],
        "receive_time": 1712611723.294,
        "_doc": "043bb2d7-3e18-4726-8c3f-cd56da7c4e56"
    },
    {
        "trades": [
            {
                "side": "sell",
                "price": 71979.78,
                "quantity": 0.00139,
                "timestamp": "2024-04-08 22:28:43"
            }
        ],
        "liquidations": [],
        "receive_time": 1712611723.228,
        "_doc": "d1713f12-2fd8-4cdd-ad3a-bcd8eb7595eb"
    },
    {
        "trades": [
            {
                "side": "sell",
                "price": 71979.65,
                "quantity": 0.01969,
                "timestamp": "2024-04-08 22:28:43"
            }
        ],
        "liquidations": [],
        "receive_time": 1712611723.228,
        "_doc": "bad77d26-5953-4e1a-8caa-a12ad4be2b24"
    },
    {
        "trades": [
            {
                "side": "sell",
                "price": 71979.64,
                "quantity": 0.00289,
                "timestamp": "2024-04-08 22:28:43"
            }
        ],
        "liquidations": [],
        "receive_time": 1712611723.228,
        "_doc": "15e37329-f731-448d-b4b9-5eaf1f632f25"
    },
    {
        "trades": [
            {
                "side": "sell",
                "price": 71979.63,
                "quantity": 0.00046,
                "timestamp": "2024-04-08 22:28:43"
            }
        ],
        "liquidations": [],
        "receive_time": 1712611723.228,
        "_doc": "b58e1592-6551-4631-8173-fdecd46e3be2"
    },
    {
        "trades": [
            {
                "side": "sell",
                "price": 71979.64,
                "quantity": 9e-05,
                "timestamp": "2024-04-08 22:28:43"
            }
        ],
        "liquidations": [],
        "receive_time": 1712611723.194,
        "_doc": "77f1c1ce-b4dd-4d84-953a-d2c446072d50"
    },
    {
        "trades": [
            {
                "side": "sell",
                "price": 71979.65,
                "quantity": 0.02031,
                "timestamp": "2024-04-08 22:28:43"
            }
        ],
        "liquidations": [],
        "receive_time": 1712611723.173,
        "_doc": "8b7bab25-555d-42a4-91ee-283173edbf85"
    },
    {
        "trades": [
            {
                "side": "sell",
                "price": 71979.64,
                "quantity": 0.00462,
                "timestamp": "2024-04-08 22:28:43"
            }
        ],
        "liquidations": [],
        "receive_time": 1712611723.173,
        "_doc": "6a20127f-a540-4cb1-b27f-c2d9f79d1127"
    },
    {
        "trades": [
            {
                "side": "buy",
                "price": 71848.38,
                "quantity": 0.00045,
                "timestamp": "2024-04-08 22:28:43"
            }
        ],
        "liquidations": [],
        "receive_time": 1712611723.171,
        "_doc": "5dad746c-ebcb-418d-a5bc-1baebe879c3d"
    },
    {
        "trades": [
            {
                "side": "sell",
                "price": 71979.77,
                "quantity": 0.00251,
                "timestamp": "2024-04-08 22:28:43"
            }
        ],
        "liquidations": [],
        "receive_time": 1712611723.124,
        "_doc": "a0892e34-aa64-48e9-ae8d-01bdef8a5141"
    },
    {
        "trades": [
            {
                "side": "sell",
                "price": 71979.54,
                "quantity": 0.00301,
                "timestamp": "2024-04-08 22:28:43"
            }
        ],
        "liquidations": [],
        "receive_time": 1712611723.124,
        "_doc": "a676cbde-b27e-4e70-95f7-eff35c1eb703"
    },
    {
        "trades": [
            {
                "side": "sell",
                "price": 71979.53,
                "quantity": 0.00462,
                "timestamp": "2024-04-08 22:28:43"
            }
        ],
        "liquidations": [],
        "receive_time": 1712611723.124,
        "_doc": "abf55970-cf44-46a1-98f6-8112af9d9807"
    },
    {
        "trades": [
            {
                "side": "sell",
                "price": 71979.52,
                "quantity": 0.00974,
                "timestamp": "2024-04-08 22:28:43"
            }
        ],
        "liquidations": [],
        "receive_time": 1712611723.124,
        "_doc": "3c17d0c3-b097-4610-b35c-7ed2679113d0"
    },
    {
        "trades": [
            {
                "side": "sell",
                "price": 71979.51,
                "quantity": 0.00153,
                "timestamp": "2024-04-08 22:28:43"
            }
        ],
        "liquidations": [],
        "receive_time": 1712611723.124,
        "_doc": "93b656b5-e2e2-4289-8317-c244e9f9d115"
    },
    {
        "trades": [
            {
                "side": "sell",
                "price": 71979.38,
                "quantity": 0.00592,
                "timestamp": "2024-04-08 22:28:43"
            }
        ],
        "liquidations": [],
        "receive_time": 1712611723.124,
        "_doc": "5bc1bdad-c150-43a7-8419-b851a7c09bf9"
    },
    {
        "trades": [
            {
                "side": "sell",
                "price": 71979.51,
                "quantity": 0.0009,
                "timestamp": "2024-04-08 22:28:43"
            }
        ],
        "liquidations": [],
        "receive_time": 1712611723.059,
        "_doc": "fe808767-b596-4aa4-ac9f-5288c97e04b6"
    },
    {
        "trades": [
            {
                "side": "sell",
                "price": 71979.5,
                "quantity": 0.02043,
                "timestamp": "2024-04-08 22:28:43"
            }
        ],
        "liquidations": [],
        "receive_time": 1712611723.059,
        "_doc": "49d83d83-db0f-41e5-b38c-17dc845e1bd7"
    },
    {
        "trades": [
            {
                "side": "buy",
                "price": 71977.02,
                "quantity": 0.00022,
                "timestamp": "2024-04-08 22:28:42"
            }
        ],
        "liquidations": [],
        "receive_time": 1712611722.954,
        "_doc": "f367a808-29b4-437b-a2b7-82533b763de7"
    },
    {
        "trades": [
            {
                "side": "buy",
                "price": 71977.23,
                "quantity": 0.0014,
                "timestamp": "2024-04-08 22:28:42"
            }
        ],
        "liquidations": [],
        "receive_time": 1712611722.954,
        "_doc": "a27062c7-506a-43e2-b7ec-26dab135a62a"
    },
    {
        "trades": [
            {
                "side": "buy",
                "price": 71977.1,
                "quantity": 0.003,
                "timestamp": "2024-04-08 22:28:42"
            }
        ],
        "liquidations": [],
        "receive_time": 1712611722.897,
        "_doc": "062dd801-73c9-4a88-a0ec-f6c68fc3f875"
    },
    {
        "trades": [
            {
                "side": "buy",
                "price": 71977.23,
                "quantity": 0.0111,
                "timestamp": "2024-04-08 22:28:42"
            }
        ],
        "liquidations": [],
        "receive_time": 1712611722.87,
        "_doc": "aaca2277-603d-4149-86ac-c88d75baae53"
    },
    {
        "trades": [
            {
                "side": "buy",
                "price": 71977.23,
                "quantity": 0.04,
                "timestamp": "2024-04-08 22:28:42"
            }
        ],
        "liquidations": [],
        "receive_time": 1712611722.868,
        "_doc": "3225d6ff-20da-41ea-9569-d183d347e12d"
    },
    {
        "trades": [
            {
                "side": "buy",
                "price": 71977.23,
                "quantity": 0.03017,
                "timestamp": "2024-04-08 22:28:42"
            }
        ],
        "liquidations": [],
        "receive_time": 1712611722.863,
        "_doc": "49130279-088b-4a4a-979c-e6d3f488d89a"
    },
    {
        "trades": [
            {
                "side": "buy",
                "price": 71978.14,
                "quantity": 0.0014,
                "timestamp": "2024-04-08 22:28:42"
            }
        ],
        "liquidations": [],
        "receive_time": 1712611722.863,
        "_doc": "c6fa84f5-2ec0-41b1-ba4c-fc09640e6628"
    },
    {
        "trades": [
            {
                "side": "buy",
                "price": 71978.27,
                "quantity": 0.02043,
                "timestamp": "2024-04-08 22:28:42"
            }
        ],
        "liquidations": [],
        "receive_time": 1712611722.863,
        "_doc": "ebca6bab-c924-462a-85d2-5263dc0f80a8"
    },
    {
        "trades": [
            {
                "side": "sell",
                "price": 71980.45,
                "quantity": 0.02334,
                "timestamp": "2024-04-08 22:28:42"
            }
        ],
        "liquidations": [],
        "receive_time": 1712611722.83,
        "_doc": "8e37d155-04fd-4aba-a6b1-9cc932e71052"
    },
    {
        "trades": [
            {
                "side": "sell",
                "price": 71980.44,
                "quantity": 0.00104,
                "timestamp": "2024-04-08 22:28:42"
            }
        ],
        "liquidations": [],
        "receive_time": 1712611722.83,
        "_doc": "8dddda82-19ff-4c8f-b822-e405e388b211"
    },
    {
        "trades": [
            {
                "side": "sell",
                "price": 71980.45,
                "quantity": 0.01666,
                "timestamp": "2024-04-08 22:28:42"
            }
        ],
        "liquidations": [],
        "receive_time": 1712611722.764,
        "_doc": "058ecccc-2a4b-427a-b12b-8565f0ba1f63"
    },
    {
        "trades": [
            {
                "side": "sell",
                "price": 71980.44,
                "quantity": 0.00462,
                "timestamp": "2024-04-08 22:28:42"
            }
        ],
        "liquidations": [],
        "receive_time": 1712611722.764,
        "_doc": "581cd11f-b1f6-4d18-b58c-953ddb73f376"
    },
    {
        "trades": [
            {
                "side": "sell",
                "price": 71848.39,
                "quantity": 0.00163,
                "timestamp": "2024-04-08 22:28:42"
            }
        ],
        "liquidations": [],
        "receive_time": 1712611722.606,
        "_doc": "83c8954c-fff1-44e4-bff9-9129368f1d43"
    },
    {
        "trades": [
            {
                "side": "sell",
                "price": 71848.39,
                "quantity": 0.00185,
                "timestamp": "2024-04-08 22:28:42"
            }
        ],
        "liquidations": [],
        "receive_time": 1712611722.557,
        "_doc": "757bf63b-d4ca-4afe-a92c-330ae0751b14"
    },
    {
        "trades": [
            {
                "side": "sell",
                "price": 71848.39,
                "quantity": 0.01452,
                "timestamp": "2024-04-08 22:28:42"
            }
        ],
        "liquidations": [],
        "receive_time": 1712611722.499,
        "_doc": "b46a8872-5653-4960-b892-b20fe1fc6fb6"
    },
    {
        "trades": [
            {
                "side": "sell",
                "price": 71980.71,
                "quantity": 0.0006,
                "timestamp": "2024-04-08 22:28:42"
            }
        ],
        "liquidations": [],
        "receive_time": 1712611722.422,
        "_doc": "4b47c636-5fbc-4fc0-a650-20b2fe3764c5"
    },
    {
        "trades": [
            {
                "side": "sell",
                "price": 71980.21,
                "quantity": 0.02052,
                "timestamp": "2024-04-08 22:28:42"
            }
        ],
        "liquidations": [],
        "receive_time": 1712611722.422,
        "_doc": "995a12a3-689b-4c63-9cb6-751f50f6a40b"
    },
    {
        "trades": [
            {
                "side": "buy",
                "price": 71978.26,
                "quantity": 0.00043,
                "timestamp": "2024-04-08 22:28:42"
            }
        ],
        "liquidations": [],
        "receive_time": 1712611722.407,
        "_doc": "27c9f627-6db5-47ce-b1ce-a00881b4bfd5"
    },
    {
        "trades": [
            {
                "side": "buy",
                "price": 71978.26,
                "quantity": 0.01016,
                "timestamp": "2024-04-08 22:28:42"
            }
        ],
        "liquidations": [],
        "receive_time": 1712611722.366,
        "_doc": "85eb9243-78e3-4d1f-88a2-b1b3934065c7"
    },
    {
        "trades": [
            {
                "side": "sell",
                "price": 71980.21,
                "quantity": 0.01948,
                "timestamp": "2024-04-08 22:28:42"
            }
        ],
        "liquidations": [],
        "receive_time": 1712611722.365,
        "_doc": "f0cf18c2-9322-4624-902e-e3de90055bda"
    },
    {
        "trades": [
            {
                "side": "sell",
                "price": 71980.2,
                "quantity": 0.00462,
                "timestamp": "2024-04-08 22:28:42"
            }
        ],
        "liquidations": [],
        "receive_time": 1712611722.365,
        "_doc": "aa983d1e-3676-46f4-acea-786b2ea95ca2"
    },
    {
        "trades": [
            {
                "side": "sell",
                "price": 71980.73,
                "quantity": 0.01637,
                "timestamp": "2024-04-08 22:28:42"
            }
        ],
        "liquidations": [],
        "receive_time": 1712611722.266,
        "_doc": "207d0088-34f8-49f2-84fc-78815cb5f4c4"
    },
    {
        "trades": [
            {
                "side": "sell",
                "price": 71980.72,
                "quantity": 0.00462,
                "timestamp": "2024-04-08 22:28:42"
            }
        ],
        "liquidations": [],
        "receive_time": 1712611722.266,
        "_doc": "6dfad081-c1b0-4d84-956a-f63a858c0062"
    },
    {
        "trades": [
            {
                "side": "buy",
                "price": 71978.41,
                "quantity": 0.04,
                "timestamp": "2024-04-08 22:28:42"
            }
        ],
        "liquidations": [],
        "receive_time": 1712611722.265,
        "_doc": "e502d674-c903-4f6a-8379-a515761dcda8"
    },
    {
        "trades": [
            {
                "side": "sell",
                "price": 71979.89,
                "quantity": 0.0321,
                "timestamp": "2024-04-08 22:28:42"
            }
        ],
        "liquidations": [],
        "receive_time": 1712611722.181,
        "_doc": "b2a2d9ce-f3a8-47b2-8ec3-d1db5252b175"
    },
    {
        "trades": [
            {
                "side": "buy",
                "price": 71978.42,
                "quantity": 0.0379,
                "timestamp": "2024-04-08 22:28:42"
            }
        ],
        "liquidations": [],
        "receive_time": 1712611722.169,
        "_doc": "df1b4850-2013-4d14-ad35-f2f7b0a9bbb3"
    },
    {
        "trades": [
            {
                "side": "sell",
                "price": 71979.89,
                "quantity": 0.0306,
                "timestamp": "2024-04-08 22:28:42"
            }
        ],
        "liquidations": [],
        "receive_time": 1712611722.128,
        "_doc": "7a9bbb3d-8c8f-4912-a7a5-247afa6750f8"
    },
    {
        "trades": [
            {
                "side": "sell",
                "price": 71979.84,
                "quantity": 0.003,
                "timestamp": "2024-04-08 22:28:42"
            }
        ],
        "liquidations": [],
        "receive_time": 1712611722.128,
        "_doc": "c78a8a06-c96d-4d9b-99e9-ebf6d797d703"
    },
    {
        "trades": [
            {
                "side": "sell",
                "price": 71979.8,
                "quantity": 0.00307,
                "timestamp": "2024-04-08 22:28:42"
            }
        ],
        "liquidations": [],
        "receive_time": 1712611722.072,
        "_doc": "aedf3b37-57ab-4390-9ce4-194b3b6aa727"
    },
    {
        "trades": [
            {
                "side": "sell",
                "price": 71979.79,
                "quantity": 0.02042,
                "timestamp": "2024-04-08 22:28:42"
            }
        ],
        "liquidations": [],
        "receive_time": 1712611722.072,
        "_doc": "0906d5b5-ab89-4107-abac-c2d27aca5ad9"
    },
    {
        "trades": [
            {
                "side": "buy",
                "price": 71978.26,
                "quantity": 0.0014,
                "timestamp": "2024-04-08 22:28:42"
            }
        ],
        "liquidations": [],
        "receive_time": 1712611722.066,
        "_doc": "c47a9f74-65fe-4f13-b29d-731c743349c0"
    },
    {
        "trades": [
            {
                "side": "buy",
                "price": 71978.01,
                "quantity": 0.25538,
                "timestamp": "2024-04-08 22:28:41"
            }
        ],
        "liquidations": [],
        "receive_time": 1712611721.981,
        "_doc": "5c28c07c-b3a8-4db1-8b7d-7f9d8cc81afd"
    },
    {
        "trades": [
            {
                "side": "buy",
                "price": 71849.61,
                "quantity": 0.00045,
                "timestamp": "2024-04-08 22:28:41"
            }
        ],
        "liquidations": [],
        "receive_time": 1712611721.975,
        "_doc": "7e6e5fca-9c6f-4567-b774-0b97719097ca"
    },
    {
        "trades": [
            {
                "side": "buy",
                "price": 71849.97,
                "quantity": 0.00133,
                "timestamp": "2024-04-08 22:28:41"
            }
        ],
        "liquidations": [],
        "receive_time": 1712611721.975,
        "_doc": "4d9d0a87-3e6c-46af-b6d9-71b085ba8626"
    },
    {
        "trades": [
            {
                "side": "buy",
                "price": 71850.0,
                "quantity": 0.00911,
                "timestamp": "2024-04-08 22:28:41"
            }
        ],
        "liquidations": [],
        "receive_time": 1712611721.975,
        "_doc": "23f8c883-2d01-46aa-8a42-a8666d27012a"
    },
    {
        "trades": [
            {
                "side": "sell",
                "price": 71979.88,
                "quantity": 0.03271,
                "timestamp": "2024-04-08 22:28:41"
            }
        ],
        "liquidations": [],
        "receive_time": 1712611721.966,
        "_doc": "6512d919-523a-4aa7-897f-4991c0b736cc"
    },
    {
        "trades": [
            {
                "side": "sell",
                "price": 71979.87,
                "quantity": 0.00578,
                "timestamp": "2024-04-08 22:28:41"
            }
        ],
        "liquidations": [],
        "receive_time": 1712611721.966,
        "_doc": "24165c70-a1f1-40e3-a2d1-3fd4d8f1cd99"
    },
    {
        "trades": [
            {
                "side": "buy",
                "price": 71978.02,
                "quantity": 0.02283,
                "timestamp": "2024-04-08 22:28:41"
            }
        ],
        "liquidations": [],
        "receive_time": 1712611721.958,
        "_doc": "c5b1f586-1b7b-4068-8663-64dd8071458e"
    },
    {
        "trades": [
            {
                "side": "buy",
                "price": 71978.03,
                "quantity": 0.00974,
                "timestamp": "2024-04-08 22:28:41"
            }
        ],
        "liquidations": [],
        "receive_time": 1712611721.958,
        "_doc": "61a7584d-f23e-4f9d-ac9e-b421a15d2bb8"
    },
    {
        "trades": [
            {
                "side": "buy",
                "price": 71978.79,
                "quantity": 0.00126,
                "timestamp": "2024-04-08 22:28:41"
            }
        ],
        "liquidations": [],
        "receive_time": 1712611721.958,
        "_doc": "3459b27e-5964-42bb-84c8-b87332fb20ab"
    },
    {
        "trades": [
            {
                "side": "buy",
                "price": 71978.87,
                "quantity": 0.04009,
                "timestamp": "2024-04-08 22:28:41"
            }
        ],
        "liquidations": [],
        "receive_time": 1712611721.958,
        "_doc": "e19260f1-edb9-4a24-b663-eb969ed6f065"
    },
    {
        "trades": [
            {
                "side": "buy",
                "price": 71979.28,
                "quantity": 0.0696,
                "timestamp": "2024-04-08 22:28:41"
            }
        ],
        "liquidations": [],
        "receive_time": 1712611721.955,
        "_doc": "fb734c60-bd29-461e-8f93-d2cbdb9d5478"
    },
    {
        "trades": [
            {
                "side": "buy",
                "price": 71979.82,
                "quantity": 0.0004,
                "timestamp": "2024-04-08 22:28:41"
            }
        ],
        "liquidations": [],
        "receive_time": 1712611721.955,
        "_doc": "ebe03f40-7052-4da4-ba7d-880d6458ded2"
    },
    {
        "trades": [
            {
                "side": "buy",
                "price": 71980.0,
                "quantity": 0.27235,
                "timestamp": "2024-04-08 22:28:41"
            }
        ],
        "liquidations": [],
        "receive_time": 1712611721.955,
        "_doc": "4aca5cad-003b-45c1-8b02-1e52c3cd034b"
    },
    {
        "trades": [
            {
                "side": "buy",
                "price": 71980.0,
                "quantity": 0.05689,
                "timestamp": "2024-04-08 22:28:41"
            }
        ],
        "liquidations": [],
        "receive_time": 1712611721.954,
        "_doc": "a38a531a-06d7-4404-9e6e-b74fbd0c726f"
    },
    {
        "trades": [
            {
                "side": "buy",
                "price": 71980.09,
                "quantity": 0.01091,
                "timestamp": "2024-04-08 22:28:41"
            }
        ],
        "liquidations": [],
        "receive_time": 1712611721.765,
        "_doc": "a23fd13a-8819-4737-88ad-c36d9a90f621"
    },
    {
        "trades": [
            {
                "side": "buy",
                "price": 71980.26,
                "quantity": 0.03539,
                "timestamp": "2024-04-08 22:28:41"
            }
        ],
        "liquidations": [],
        "receive_time": 1712611721.666,
        "_doc": "c51103d7-c2a8-425a-838a-9a242808b9de"
    },
    {
        "trades": [
            {
                "side": "buy",
                "price": 71980.27,
                "quantity": 0.00204,
                "timestamp": "2024-04-08 22:28:41"
            }
        ],
        "liquidations": [],
        "receive_time": 1712611721.565,
        "_doc": "401ddfae-8343-42cb-b03c-6d9e7ccfc816"
    },
    {
        "trades": [
            {
                "side": "buy",
                "price": 71850.0,
                "quantity": 0.00738,
                "timestamp": "2024-04-08 22:28:41"
            }
        ],
        "liquidations": [],
        "receive_time": 1712611721.542,
        "_doc": "7bb3510d-4658-44db-bf8f-28d08865e241"
    },
    {
        "trades": [
            {
                "side": "buy",
                "price": 71980.26,
                "quantity": 0.00521,
                "timestamp": "2024-04-08 22:28:41"
            }
        ],
        "liquidations": [],
        "receive_time": 1712611721.464,
        "_doc": "a1eec975-cbd5-4178-abd3-3ccca0432164"
    },
    {
        "trades": [
            {
                "side": "sell",
                "price": 71981.41,
                "quantity": 0.00586,
                "timestamp": "2024-04-08 22:28:41"
            }
        ],
        "liquidations": [],
        "receive_time": 1712611721.448,
        "_doc": "2d36cc51-f8db-4cd0-962c-02b0ce068a79"
    },
    {
        "trades": [
            {
                "side": "buy",
                "price": 71981.56,
                "quantity": 0.03021,
                "timestamp": "2024-04-08 22:28:41"
            }
        ],
        "liquidations": [],
        "receive_time": 1712611721.443,
        "_doc": "7fe7d22e-cdfe-4eb2-ab99-6201ca812add"
    },
    {
        "trades": [
            {
                "side": "buy",
                "price": 71981.75,
                "quantity": 0.00044,
                "timestamp": "2024-04-08 22:28:41"
            }
        ],
        "liquidations": [],
        "receive_time": 1712611721.44,
        "_doc": "ffa3922a-2148-4e4a-a47a-4a5e758501c8"
    },
    {
        "trades": [
            {
                "side": "buy",
                "price": 71981.91,
                "quantity": 0.00695,
                "timestamp": "2024-04-08 22:28:41"
            }
        ],
        "liquidations": [],
        "receive_time": 1712611721.44,
        "_doc": "2065f6df-ba49-43c4-a6e7-5db9bb4fd800"
    },
    {
        "trades": [
            {
                "side": "buy",
                "price": 71982.35,
                "quantity": 0.00974,
                "timestamp": "2024-04-08 22:28:41"
            }
        ],
        "liquidations": [],
        "receive_time": 1712611721.367,
        "_doc": "4f0ac615-a3b7-44f4-a787-431eeefa8d2d"
    },
    {
        "trades": [
            {
                "side": "buy",
                "price": 71982.42,
                "quantity": 0.00297,
                "timestamp": "2024-04-08 22:28:41"
            }
        ],
        "liquidations": [],
        "receive_time": 1712611721.367,
        "_doc": "3e397faa-78f6-4a88-8020-195367f43265"
    },
    {
        "trades": [
            {
                "side": "buy",
                "price": 71982.45,
                "quantity": 0.01691,
                "timestamp": "2024-04-08 22:28:41"
            }
        ],
        "liquidations": [],
        "receive_time": 1712611721.363,
        "_doc": "7e1f7ff5-539a-491f-b895-4a2e9816c32d"
    },
    {
        "trades": [
            {
                "side": "buy",
                "price": 71850.0,
                "quantity": 0.00068,
                "timestamp": "2024-04-08 22:28:41"
            }
        ],
        "liquidations": [],
        "receive_time": 1712611721.343,
        "_doc": "6041fcb2-32c2-42e0-8337-ee4c8e1189e9"
    },
    {
        "trades": [
            {
                "side": "buy",
                "price": 71982.79,
                "quantity": 0.02482,
                "timestamp": "2024-04-08 22:28:41"
            }
        ],
        "liquidations": [],
        "receive_time": 1712611721.264,
        "_doc": "3e36ccbc-00eb-4a19-a7d6-167ba80177ae"
    },
    {
        "trades": [
            {
                "side": "buy",
                "price": 71982.91,
                "quantity": 0.04,
                "timestamp": "2024-04-08 22:28:41"
            }
        ],
        "liquidations": [],
        "receive_time": 1712611721.165,
        "_doc": "cfe8e637-d822-41b9-acce-e7528eceb001"
    },
    {
        "trades": [
            {
                "side": "buy",
                "price": 71982.79,
                "quantity": 0.01518,
                "timestamp": "2024-04-08 22:28:41"
            }
        ],
        "liquidations": [],
        "receive_time": 1712611721.064,
        "_doc": "bd1401d7-df84-424b-a4fb-f4d491c52de0"
    },
    {
        "trades": [
            {
                "side": "buy",
                "price": 71982.81,
                "quantity": 0.0179,
                "timestamp": "2024-04-08 22:28:40"
            }
        ],
        "liquidations": [],
        "receive_time": 1712611720.965,
        "_doc": "7ea09056-2952-4123-9521-da82883bd027"
    },
    {
        "trades": [
            {
                "side": "sell",
                "price": 71850.01,
                "quantity": 0.00758,
                "timestamp": "2024-04-08 22:28:40"
            }
        ],
        "liquidations": [],
        "receive_time": 1712611720.742,
        "_doc": "78479770-8ab9-4848-9a70-102a15df1a33"
    },
    {
        "trades": [
            {
                "side": "sell",
                "price": 71983.51,
                "quantity": 9e-05,
                "timestamp": "2024-04-08 22:28:40"
            }
        ],
        "liquidations": [],
        "receive_time": 1712611720.627,
        "_doc": "5fef242f-152a-451a-968e-d8884c7ed7ca"
    },
    {
        "trades": [
            {
                "side": "buy",
                "price": 71850.0,
                "quantity": 0.00053,
                "timestamp": "2024-04-08 22:28:40"
            }
        ],
        "liquidations": [],
        "receive_time": 1712611720.573,
        "_doc": "0b9623b9-af3c-404e-95b1-0adae6795262"
    },
    {
        "trades": [
            {
                "side": "buy",
                "price": 71985.09,
                "quantity": 0.0155,
                "timestamp": "2024-04-08 22:28:40"
            }
        ],
        "liquidations": [],
        "receive_time": 1712611720.4,
        "_doc": "fe15da4d-8805-44e0-9949-3e2871ead6e6"
    },
    {
        "trades": [
            {
                "side": "sell",
                "price": 71983.94,
                "quantity": 0.00018,
                "timestamp": "2024-04-08 22:28:40"
            }
        ],
        "liquidations": [],
        "receive_time": 1712611720.395,
        "_doc": "509fe710-2fcc-4b89-9449-e4b74147c171"
    },
    {
        "trades": [
            {
                "side": "sell",
                "price": 71983.93,
                "quantity": 0.00598,
                "timestamp": "2024-04-08 22:28:40"
            }
        ],
        "liquidations": [],
        "receive_time": 1712611720.395,
        "_doc": "bfcdc86f-9b0e-4125-8f6c-05a86ebade89"
    },
    {
        "trades": [
            {
                "side": "sell",
                "price": 71983.92,
                "quantity": 0.0572,
                "timestamp": "2024-04-08 22:28:40"
            }
        ],
        "liquidations": [],
        "receive_time": 1712611720.395,
        "_doc": "fe2aebf3-ab2e-4c1e-894b-e3ce0ea4c12d"
    },
    {
        "trades": [
            {
                "side": "buy",
                "price": 71850.0,
                "quantity": 0.02032,
                "timestamp": "2024-04-08 22:28:40"
            }
        ],
        "liquidations": [],
        "receive_time": 1712611720.043,
        "_doc": "e08dab81-5e9e-4200-ac2d-41d8cccc872b"
    },
    {
        "trades": [
            {
                "side": "buy",
                "price": 71982.44,
                "quantity": 0.0001,
                "timestamp": "2024-04-08 22:28:40"
            }
        ],
        "liquidations": [],
        "receive_time": 1712611720.014,
        "_doc": "28ebe220-cead-4663-b8fd-e42399495644"
    },
    {
        "trades": [
            {
                "side": "buy",
                "price": 71982.56,
                "quantity": 0.0036,
                "timestamp": "2024-04-08 22:28:39"
            }
        ],
        "liquidations": [],
        "receive_time": 1712611719.962,
        "_doc": "2df63118-d8f7-4cb8-b45b-a4ad02d82449"
    },
    {
        "trades": [
            {
                "side": "buy",
                "price": 71850.0,
                "quantity": 0.0004,
                "timestamp": "2024-04-08 22:28:39"
            }
        ],
        "liquidations": [],
        "receive_time": 1712611719.867,
        "_doc": "7098c8f7-8580-4c0f-9a51-c53f88e82574"
    },
    {
        "trades": [
            {
                "side": "sell",
                "price": 71850.01,
                "quantity": 0.00185,
                "timestamp": "2024-04-08 22:28:39"
            }
        ],
        "liquidations": [],
        "receive_time": 1712611719.854,
        "_doc": "eeb34a48-ff37-4c7b-b119-4c2f2e75757e"
    },
    {
        "trades": [
            {
                "side": "buy",
                "price": 71850.0,
                "quantity": 0.0085,
                "timestamp": "2024-04-08 22:28:39"
            }
        ],
        "liquidations": [],
        "receive_time": 1712611719.803,
        "_doc": "b6c89380-e8b3-4ea9-8184-31a17888c5d8"
    },
    {
        "trades": [
            {
                "side": "buy",
                "price": 71982.56,
                "quantity": 0.00044,
                "timestamp": "2024-04-08 22:28:39"
            }
        ],
        "liquidations": [],
        "receive_time": 1712611719.762,
        "_doc": "ca9410c9-b46d-4327-8bfc-b9427183f6cf"
    },
    {
        "trades": [
            {
                "side": "buy",
                "price": 71982.59,
                "quantity": 0.00215,
                "timestamp": "2024-04-08 22:28:39"
            }
        ],
        "liquidations": [],
        "receive_time": 1712611719.319,
        "_doc": "3f43f307-912d-4e00-8035-dffbb640bcce"
    },
    {
        "trades": [
            {
                "side": "buy",
                "price": 71982.6,
                "quantity": 0.00306,
                "timestamp": "2024-04-08 22:28:39"
            }
        ],
        "liquidations": [],
        "receive_time": 1712611719.319,
        "_doc": "1ff695ec-a568-488f-8aa3-7ebe362bf5a8"
    },
    {
        "trades": [
            {
                "side": "buy",
                "price": 71982.61,
                "quantity": 0.00297,
                "timestamp": "2024-04-08 22:28:39"
            }
        ],
        "liquidations": [],
        "receive_time": 1712611719.319,
        "_doc": "cf51290a-c618-4720-8574-73b45e484324"
    },
    {
        "trades": [
            {
                "side": "buy",
                "price": 71982.62,
                "quantity": 0.00301,
                "timestamp": "2024-04-08 22:28:39"
            }
        ],
        "liquidations": [],
        "receive_time": 1712611719.319,
        "_doc": "4c5f8b1c-270b-4e83-b7f7-b3f0d7d340a2"
    },
    {
        "trades": [
            {
                "side": "buy",
                "price": 71984.62,
                "quantity": 0.00659,
                "timestamp": "2024-04-08 22:28:39"
            }
        ],
        "liquidations": [],
        "receive_time": 1712611719.262,
        "_doc": "b9bde91a-bd82-4112-a6e9-0ead4002d71c"
    },
    {
        "trades": [
            {
                "side": "buy",
                "price": 71984.63,
                "quantity": 0.02901,
                "timestamp": "2024-04-08 22:28:39"
            }
        ],
        "liquidations": [],
        "receive_time": 1712611719.262,
        "_doc": "385c4418-337d-4c4a-a379-54fcbde597e1"
    },
    {
        "trades": [
            {
                "side": "buy",
                "price": 71984.78,
                "quantity": 0.00444,
                "timestamp": "2024-04-08 22:28:39"
            }
        ],
        "liquidations": [],
        "receive_time": 1712611719.209,
        "_doc": "aeec37e6-18a9-4f81-ad86-ea25dc02f232"
    },
    {
        "trades": [
            {
                "side": "buy",
                "price": 71984.79,
                "quantity": 0.00306,
                "timestamp": "2024-04-08 22:28:39"
            }
        ],
        "liquidations": [],
        "receive_time": 1712611719.209,
        "_doc": "d45ab497-c093-4c71-abb4-5d6818f2d5e4"
    },
    {
        "trades": [
            {
                "side": "buy",
                "price": 71984.77,
                "quantity": 0.01099,
                "timestamp": "2024-04-08 22:28:39"
            }
        ],
        "liquidations": [],
        "receive_time": 1712611719.153,
        "_doc": "4a4bb0c0-f895-44f8-bb4d-d23b2b920e9e"
    },
    {
        "trades": [
            {
                "side": "buy",
                "price": 71984.8,
                "quantity": 0.02346,
                "timestamp": "2024-04-08 22:28:39"
            }
        ],
        "liquidations": [],
        "receive_time": 1712611719.153,
        "_doc": "0395cd2c-2f8b-4c23-9c63-16975f6e36dc"
    },
    {
        "trades": [
            {
                "side": "buy",
                "price": 71984.79,
                "quantity": 0.03577,
                "timestamp": "2024-04-08 22:28:39"
            }
        ],
        "liquidations": [],
        "receive_time": 1712611719.071,
        "_doc": "69adb09c-d6f1-4cdd-a140-8ed0edd4fdc5"
    },
    {
        "trades": [
            {
                "side": "buy",
                "price": 71984.58,
                "quantity": 0.0159,
                "timestamp": "2024-04-08 22:28:39"
            }
        ],
        "liquidations": [],
        "receive_time": 1712611719.02,
        "_doc": "439bcec1-a7f6-4d8d-9dbd-6ee17c9b000b"
    },
    {
        "trades": [
            {
                "side": "sell",
                "price": 71985.82,
                "quantity": 0.06958,
                "timestamp": "2024-04-08 22:28:39"
            }
        ],
        "liquidations": [],
        "receive_time": 1712611719.017,
        "_doc": "71a42561-f5a1-4d5e-be5d-8588fbfffcdd"
    },
    {
        "trades": [
            {
                "side": "sell",
                "price": 71985.54,
                "quantity": 0.01961,
                "timestamp": "2024-04-08 22:28:39"
            }
        ],
        "liquidations": [],
        "receive_time": 1712611719.017,
        "_doc": "eb979bc3-a521-4193-b890-ab8c7e7d3b78"
    },
    {
        "trades": [
            {
                "side": "sell",
                "price": 71985.41,
                "quantity": 0.00044,
                "timestamp": "2024-04-08 22:28:39"
            }
        ],
        "liquidations": [],
        "receive_time": 1712611719.017,
        "_doc": "1c148454-15fa-4d6b-9a34-8e7edd7cbd46"
    },
    {
        "trades": [
            {
                "side": "sell",
                "price": 71850.01,
                "quantity": 0.00185,
                "timestamp": "2024-04-08 22:28:39"
            }
        ],
        "liquidations": [],
        "receive_time": 1712611719.012,
        "_doc": "70575139-4f43-4f65-adff-af831ad99c82"
    },
    {
        "trades": [
            {
                "side": "buy",
                "price": 71850.0,
                "quantity": 0.00068,
                "timestamp": "2024-04-08 22:28:38"
            }
        ],
        "liquidations": [],
        "receive_time": 1712611718.968,
        "_doc": "e02e7711-7343-43fa-a5ad-0dcc25063529"
    },
    {
        "trades": [
            {
                "side": "sell",
                "price": 71984.53,
                "quantity": 0.01595,
                "timestamp": "2024-04-08 22:28:38"
            }
        ],
        "liquidations": [],
        "receive_time": 1712611718.957,
        "_doc": "150742d2-89d2-4e2a-b804-66dbac2cc244"
    },
    {
        "trades": [
            {
                "side": "buy",
                "price": 71984.37,
                "quantity": 0.0107,
                "timestamp": "2024-04-08 22:28:38"
            }
        ],
        "liquidations": [],
        "receive_time": 1712611718.954,
        "_doc": "61c0f4a0-cf0c-441d-a592-ed49dc312f24"
    },
    {
        "trades": [
            {
                "side": "sell",
                "price": 71850.01,
                "quantity": 0.00139,
                "timestamp": "2024-04-08 22:28:38"
            }
        ],
        "liquidations": [],
        "receive_time": 1712611718.444,
        "_doc": "b051e632-c574-4597-bac1-f9d21395586e"
    },
    {
        "trades": [
            {
                "side": "buy",
                "price": 71850.0,
                "quantity": 0.00128,
                "timestamp": "2024-04-08 22:28:38"
            }
        ],
        "liquidations": [],
        "receive_time": 1712611718.407,
        "_doc": "01063346-1898-4ec5-a523-220e95731f8b"
    },
    {
        "trades": [
            {
                "side": "buy",
                "price": 71982.2,
                "quantity": 0.001,
                "timestamp": "2024-04-08 22:28:38"
            }
        ],
        "liquidations": [],
        "receive_time": 1712611718.278,
        "_doc": "49acbd85-d112-4abb-8b9a-b451a968d522"
    },
    {
        "trades": [
            {
                "side": "sell",
                "price": 71850.01,
                "quantity": 0.00185,
                "timestamp": "2024-04-08 22:28:38"
            }
        ],
        "liquidations": [],
        "receive_time": 1712611718.162,
        "_doc": "ac5eb4a8-b0cf-404f-b02b-cca15d4aa0dd"
    },
    {
        "trades": [
            {
                "side": "sell",
                "price": 71984.33,
                "quantity": 0.00027,
                "timestamp": "2024-04-08 22:28:38"
            }
        ],
        "liquidations": [],
        "receive_time": 1712611718.002,
        "_doc": "8a349de6-9244-450b-929b-82eaecc8af22"
    },
    {
        "trades": [
            {
                "side": "sell",
                "price": 71984.33,
                "quantity": 0.00016,
                "timestamp": "2024-04-08 22:28:38"
            }
        ],
        "liquidations": [],
        "receive_time": 1712611718.001,
        "_doc": "e164b22a-5d7f-4b08-84e2-3194f790e4de"
    },
    {
        "trades": [
            {
                "side": "sell",
                "price": 71984.34,
                "quantity": 0.00032,
                "timestamp": "2024-04-08 22:28:37"
            }
        ],
        "liquidations": [],
        "receive_time": 1712611717.997,
        "_doc": "ce38dd25-674a-4508-b528-b71f82b4a76e"
    },
    {
        "trades": [
            {
                "side": "sell",
                "price": 71984.35,
                "quantity": 0.00016,
                "timestamp": "2024-04-08 22:28:37"
            }
        ],
        "liquidations": [],
        "receive_time": 1712611717.995,
        "_doc": "094f41bc-0d58-4b6a-9fe5-ff82b3a9d936"
    },
    {
        "trades": [
            {
                "side": "sell",
                "price": 71984.35,
                "quantity": 0.00016,
                "timestamp": "2024-04-08 22:28:37"
            }
        ],
        "liquidations": [],
        "receive_time": 1712611717.993,
        "_doc": "052f6c7b-daa0-4b2c-a5d4-61a6e50d3d61"
    },
    {
        "trades": [
            {
                "side": "sell",
                "price": 71984.35,
                "quantity": 0.00016,
                "timestamp": "2024-04-08 22:28:37"
            }
        ],
        "liquidations": [],
        "receive_time": 1712611717.992,
        "_doc": "af822201-096e-47d0-b73f-0393f37530a0"
    },
    {
        "trades": [
            {
                "side": "sell",
                "price": 71984.36,
                "quantity": 0.00016,
                "timestamp": "2024-04-08 22:28:37"
            }
        ],
        "liquidations": [],
        "receive_time": 1712611717.989,
        "_doc": "2229e8e1-be9d-4cdf-b18f-20d306a8f272"
    },
    {
        "trades": [
            {
                "side": "buy",
                "price": 71982.44,
                "quantity": 0.0002,
                "timestamp": "2024-04-08 22:28:37"
            }
        ],
        "liquidations": [],
        "receive_time": 1712611717.96,
        "_doc": "61f02998-e4a8-47a9-ad05-6327032149f4"
    },
    {
        "trades": [
            {
                "side": "sell",
                "price": 71850.01,
                "quantity": 0.00019,
                "timestamp": "2024-04-08 22:28:37"
            }
        ],
        "liquidations": [],
        "receive_time": 1712611717.898,
        "_doc": "a3dfa7ba-cefb-4b50-8738-9d7e096ef812"
    },
    {
        "trades": [
            {
                "side": "buy",
                "price": 71850.0,
                "quantity": 0.00058,
                "timestamp": "2024-04-08 22:28:37"
            }
        ],
        "liquidations": [],
        "receive_time": 1712611717.637,
        "_doc": "3a4e441a-506f-4d4e-ad2d-b8471ffd5f9b"
    },
    {
        "trades": [
            {
                "side": "buy",
                "price": 71982.44,
                "quantity": 8e-05,
                "timestamp": "2024-04-08 22:28:37"
            }
        ],
        "liquidations": [],
        "receive_time": 1712611717.289,
        "_doc": "356039df-622b-47bc-b75a-da1af56ac161"
    },
    {
        "trades": [
            {
                "side": "buy",
                "price": 71850.0,
                "quantity": 0.00032,
                "timestamp": "2024-04-08 22:28:37"
            }
        ],
        "liquidations": [],
        "receive_time": 1712611717.238,
        "_doc": "3db7626e-e3e2-4a49-851e-d748a2704500"
    },
    {
        "trades": [
            {
                "side": "buy",
                "price": 71984.62,
                "quantity": 0.04119,
                "timestamp": "2024-04-08 22:28:37"
            }
        ],
        "liquidations": [],
        "receive_time": 1712611717.134,
        "_doc": "cdab9e7a-3660-49e4-bc9c-5caf6a3703f1"
    },
    {
        "trades": [
            {
                "side": "sell",
                "price": 71984.36,
                "quantity": 0.03881,
                "timestamp": "2024-04-08 22:28:37"
            }
        ],
        "liquidations": [],
        "receive_time": 1712611717.13,
        "_doc": "ceb18c94-5ec2-4681-ade6-21e6b433ceb1"
    },
    {
        "trades": [
            {
                "side": "sell",
                "price": 71850.01,
                "quantity": 0.00017,
                "timestamp": "2024-04-08 22:28:36"
            }
        ],
        "liquidations": [],
        "receive_time": 1712611716.89,
        "_doc": "f5c41be6-8fd0-41e2-8a2e-cecd5ad5bc8b"
    },
    {
        "trades": [
            {
                "side": "sell",
                "price": 71850.01,
                "quantity": 0.00017,
                "timestamp": "2024-04-08 22:28:36"
            }
        ],
        "liquidations": [],
        "receive_time": 1712611716.571,
        "_doc": "90342fb4-a543-410d-ac5b-48ac9bf4e98a"
    },
    {
        "trades": [
            {
                "side": "sell",
                "price": 71850.01,
                "quantity": 0.00017,
                "timestamp": "2024-04-08 22:28:36"
            }
        ],
        "liquidations": [],
        "receive_time": 1712611716.547,
        "_doc": "5ba26651-0ca9-46b8-baf1-b4fe15cd5603"
    },
    {
        "trades": [
            {
                "side": "sell",
                "price": 71850.01,
                "quantity": 0.00017,
                "timestamp": "2024-04-08 22:28:36"
            }
        ],
        "liquidations": [],
        "receive_time": 1712611716.523,
        "_doc": "497433eb-4daf-4d01-86e8-a7e1be59881c"
    },
    {
        "trades": [
            {
                "side": "sell",
                "price": 71850.01,
                "quantity": 0.00027,
                "timestamp": "2024-04-08 22:28:36"
            }
        ],
        "liquidations": [],
        "receive_time": 1712611716.519,
        "_doc": "7c1b04d0-19c0-4767-9db7-4e3a49b5da2f"
    },
    {
        "trades": [
            {
                "side": "sell",
                "price": 71850.01,
                "quantity": 0.00201,
                "timestamp": "2024-04-08 22:28:36"
            }
        ],
        "liquidations": [],
        "receive_time": 1712611716.5,
        "_doc": "b284a04d-845b-4cca-a7a1-10c6d91dea14"
    },
    {
        "trades": [
            {
                "side": "sell",
                "price": 71850.01,
                "quantity": 0.00017,
                "timestamp": "2024-04-08 22:28:36"
            }
        ],
        "liquidations": [],
        "receive_time": 1712611716.494,
        "_doc": "075026bd-e7d8-46df-a9e1-c0cc5e431147"
    },
    {
        "trades": [
            {
                "side": "sell",
                "price": 71850.01,
                "quantity": 0.00017,
                "timestamp": "2024-04-08 22:28:36"
            }
        ],
        "liquidations": [],
        "receive_time": 1712611716.383,
        "_doc": "a4ab4e5f-b39b-4be5-adf5-173fea677537"
    },
    {
        "trades": [
            {
                "side": "buy",
                "price": 71983.55,
                "quantity": 0.0204,
                "timestamp": "2024-04-08 22:28:36"
            }
        ],
        "liquidations": [],
        "receive_time": 1712611716.369,
        "_doc": "f17e2a98-2358-416d-96b1-580f79cc194d"
    },
    {
        "trades": [
            {
                "side": "sell",
                "price": 71983.15,
                "quantity": 0.02043,
                "timestamp": "2024-04-08 22:28:36"
            }
        ],
        "liquidations": [],
        "receive_time": 1712611716.362,
        "_doc": "9e33ff9f-80e5-4156-b0b0-96c2b968399b"
    },
    {
        "trades": [
            {
                "side": "sell",
                "price": 71850.01,
                "quantity": 0.00017,
                "timestamp": "2024-04-08 22:28:36"
            }
        ],
        "liquidations": [],
        "receive_time": 1712611716.359,
        "_doc": "f1025cbf-c73e-40b3-a907-07065dda77dd"
    },
    {
        "trades": [
            {
                "side": "buy",
                "price": 71981.22,
                "quantity": 0.0696,
                "timestamp": "2024-04-08 22:28:35"
            }
        ],
        "liquidations": [],
        "receive_time": 1712611715.956,
        "_doc": "4dc800eb-654a-423c-9eef-41249ca959b5"
    },
    {
        "trades": [
            {
                "side": "buy",
                "price": 71982.01,
                "quantity": 0.00042,
                "timestamp": "2024-04-08 22:28:35"
            }
        ],
        "liquidations": [],
        "receive_time": 1712611715.956,
        "_doc": "fde6f8d1-a8b0-46a0-a8c2-810bb4f93750"
    },
    {
        "trades": [
            {
                "side": "buy",
                "price": 71982.08,
                "quantity": 0.00693,
                "timestamp": "2024-04-08 22:28:35"
            }
        ],
        "liquidations": [],
        "receive_time": 1712611715.956,
        "_doc": "5ab30911-59fc-4ee5-9caa-fc907588d96d"
    },
    {
        "trades": [
            {
                "side": "buy",
                "price": 71983.31,
                "quantity": 0.02043,
                "timestamp": "2024-04-08 22:28:35"
            }
        ],
        "liquidations": [],
        "receive_time": 1712611715.955,
        "_doc": "7fad7663-5fb7-4570-9110-693771a8d832"
    },
    {
        "trades": [
            {
                "side": "buy",
                "price": 71984.33,
                "quantity": 0.00997,
                "timestamp": "2024-04-08 22:28:35"
            }
        ],
        "liquidations": [],
        "receive_time": 1712611715.955,
        "_doc": "4d91a390-d5e8-4735-a5f9-d6cf5306770a"
    },
    {
        "trades": [
            {
                "side": "buy",
                "price": 71984.92,
                "quantity": 0.00069,
                "timestamp": "2024-04-08 22:28:35"
            }
        ],
        "liquidations": [],
        "receive_time": 1712611715.955,
        "_doc": "02b11fa3-7fa9-4a35-a191-e59a92e2a3b8"
    },
    {
        "trades": [
            {
                "side": "buy",
                "price": 71850.0,
                "quantity": 0.00028,
                "timestamp": "2024-04-08 22:28:35"
            }
        ],
        "liquidations": [],
        "receive_time": 1712611715.637,
        "_doc": "439d6766-cbef-4a0e-b38a-873436a03e9c"
    },
    {
        "trades": [
            {
                "side": "buy",
                "price": 71850.0,
                "quantity": 0.00982,
                "timestamp": "2024-04-08 22:28:35"
            }
        ],
        "liquidations": [],
        "receive_time": 1712611715.153,
        "_doc": "1233ca1a-4b2a-4258-a9ca-4c1b5ba718f9"
    },
    {
        "trades": [
            {
                "side": "sell",
                "price": 71987.22,
                "quantity": 8e-05,
                "timestamp": "2024-04-08 22:28:35"
            }
        ],
        "liquidations": [],
        "receive_time": 1712611715.121,
        "_doc": "be648103-ce39-4e1f-8262-bbec6a813350"
    },
    {
        "trades": [
            {
                "side": "buy",
                "price": 71850.0,
                "quantity": 0.0003,
                "timestamp": "2024-04-08 22:28:35"
            }
        ],
        "liquidations": [],
        "receive_time": 1712611715.099,
        "_doc": "9446a1dc-1109-4337-8e12-a14291277295"
    },
    {
        "trades": [
            {
                "side": "sell",
                "price": 71850.01,
                "quantity": 0.00752,
                "timestamp": "2024-04-08 22:28:35"
            }
        ],
        "liquidations": [],
        "receive_time": 1712611715.004,
        "_doc": "43bd2842-617c-4de9-9dcd-d8661e66de0f"
    },
    {
        "trades": [
            {
                "side": "sell",
                "price": 71986.26,
                "quantity": 0.00694,
                "timestamp": "2024-04-08 22:28:34"
            }
        ],
        "liquidations": [],
        "receive_time": 1712611714.953,
        "_doc": "b83e999f-81e6-4b98-95de-ae1d6e0186b9"
    },
    {
        "trades": [
            {
                "side": "sell",
                "price": 71986.28,
                "quantity": 0.00517,
                "timestamp": "2024-04-08 22:28:34"
            }
        ],
        "liquidations": [],
        "receive_time": 1712611714.746,
        "_doc": "76dfd025-eee1-48b6-9f1d-d063f8671073"
    },
    {
        "trades": [
            {
                "side": "sell",
                "price": 71986.05,
                "quantity": 0.003,
                "timestamp": "2024-04-08 22:28:34"
            }
        ],
        "liquidations": [],
        "receive_time": 1712611714.746,
        "_doc": "8a178474-99de-41cd-9b0d-7359a4876ee7"
    },
    {
        "trades": [
            {
                "side": "sell",
                "price": 71850.01,
                "quantity": 0.01642,
                "timestamp": "2024-04-08 22:28:34"
            }
        ],
        "liquidations": [],
        "receive_time": 1712611714.739,
        "_doc": "3634a931-d1c4-4ac1-9aeb-9b436dd5d722"
    },
    {
        "trades": [
            {
                "side": "sell",
                "price": 71850.01,
                "quantity": 0.01641,
                "timestamp": "2024-04-08 22:28:34"
            }
        ],
        "liquidations": [],
        "receive_time": 1712611714.731,
        "_doc": "62da22ce-b158-4214-87c0-61557cf0961f"
    },
    {
        "trades": [
            {
                "side": "sell",
                "price": 71987.1,
                "quantity": 0.00071,
                "timestamp": "2024-04-08 22:28:33"
            }
        ],
        "liquidations": [],
        "receive_time": 1712611713.827,
        "_doc": "264c1297-8038-4684-a032-5862b6072ff2"
    },
    {
        "trades": [
            {
                "side": "sell",
                "price": 71984.58,
                "quantity": 0.00586,
                "timestamp": "2024-04-08 22:28:33"
            }
        ],
        "liquidations": [],
        "receive_time": 1712611713.606,
        "_doc": "10f45840-3e6a-4e2a-b8fd-0e49a77bc384"
    },
    {
        "trades": [
            {
                "side": "sell",
                "price": 71984.57,
                "quantity": 0.01599,
                "timestamp": "2024-04-08 22:28:33"
            }
        ],
        "liquidations": [],
        "receive_time": 1712611713.606,
        "_doc": "364196d3-e504-4eed-b861-65dd88fd88b7"
    },
    {
        "trades": [
            {
                "side": "sell",
                "price": 71984.71,
                "quantity": 0.00521,
                "timestamp": "2024-04-08 22:28:33"
            }
        ],
        "liquidations": [],
        "receive_time": 1712611713.213,
        "_doc": "e198e8f0-2339-4019-9976-760380937dfe"
    },
    {
        "trades": [
            {
                "side": "sell",
                "price": 71985.04,
                "quantity": 0.0004,
                "timestamp": "2024-04-08 22:28:33"
            }
        ],
        "liquidations": [],
        "receive_time": 1712611713.055,
        "_doc": "40eaad53-3d53-44ff-b64c-13424c8af965"
    },
    {
        "trades": [
            {
                "side": "buy",
                "price": 71850.0,
                "quantity": 0.00899,
                "timestamp": "2024-04-08 22:28:32"
            }
        ],
        "liquidations": [],
        "receive_time": 1712611712.846,
        "_doc": "5949d17e-560d-4f5f-bd03-0bd82d7320b5"
    },
    {
        "trades": [
            {
                "side": "buy",
                "price": 71982.08,
                "quantity": 0.00693,
                "timestamp": "2024-04-08 22:28:32"
            }
        ],
        "liquidations": [],
        "receive_time": 1712611712.588,
        "_doc": "8c8566a6-051c-40fb-ad57-d91f36a39065"
    },
    {
        "trades": [
            {
                "side": "buy",
                "price": 71982.11,
                "quantity": 0.00293,
                "timestamp": "2024-04-08 22:28:32"
            }
        ],
        "liquidations": [],
        "receive_time": 1712611712.588,
        "_doc": "c99cd85e-4f6f-407f-aea7-e2c730687107"
    },
    {
        "trades": [
            {
                "side": "buy",
                "price": 71982.1,
                "quantity": 0.00443,
                "timestamp": "2024-04-08 22:28:32"
            }
        ],
        "liquidations": [],
        "receive_time": 1712611712.586,
        "_doc": "d9520e97-5a1f-418d-a005-ea64b4f82ee8"
    },
    {
        "trades": [
            {
                "side": "buy",
                "price": 71982.11,
                "quantity": 0.02043,
                "timestamp": "2024-04-08 22:28:32"
            }
        ],
        "liquidations": [],
        "receive_time": 1712611712.586,
        "_doc": "658248d6-adf4-4f2a-8d7e-9defd3fd306a"
    },
    {
        "trades": [
            {
                "side": "buy",
                "price": 71982.11,
                "quantity": 0.04,
                "timestamp": "2024-04-08 22:28:32"
            }
        ],
        "liquidations": [],
        "receive_time": 1712611712.584,
        "_doc": "379bf4f5-1b14-4f95-91da-a0ff3a8cb66f"
    },
    {
        "trades": [
            {
                "side": "sell",
                "price": 71850.01,
                "quantity": 0.00673,
                "timestamp": "2024-04-08 22:28:32"
            }
        ],
        "liquidations": [],
        "receive_time": 1712611712.55,
        "_doc": "326b0b78-4c51-4999-a623-335bd305da5b"
    },
    {
        "trades": [
            {
                "side": "buy",
                "price": 71850.0,
                "quantity": 0.00366,
                "timestamp": "2024-04-08 22:28:32"
            }
        ],
        "liquidations": [],
        "receive_time": 1712611712.53,
        "_doc": "bb5e3d33-6d16-4105-a895-975e9710ed44"
    },
    {
        "trades": [
            {
                "side": "buy",
                "price": 71983.62,
                "quantity": 0.05966,
                "timestamp": "2024-04-08 22:28:32"
            }
        ],
        "liquidations": [],
        "receive_time": 1712611712.53,
        "_doc": "288f15bf-c951-4ab6-a9b8-2a4683a40bc8"
    },
    {
        "trades": [
            {
                "side": "buy",
                "price": 71983.62,
                "quantity": 0.00993,
                "timestamp": "2024-04-08 22:28:32"
            }
        ],
        "liquidations": [],
        "receive_time": 1712611712.529,
        "_doc": "269ad16c-1272-4e5e-92cc-a037ceaf923c"
    },
    {
        "trades": [
            {
                "side": "buy",
                "price": 71983.76,
                "quantity": 0.02043,
                "timestamp": "2024-04-08 22:28:32"
            }
        ],
        "liquidations": [],
        "receive_time": 1712611712.529,
        "_doc": "bd6c1179-c4c8-4c91-b001-4e0292c21ee1"
    },
    {
        "trades": [
            {
                "side": "buy",
                "price": 71849.9,
                "quantity": 0.08098,
                "timestamp": "2024-04-08 22:28:32"
            }
        ],
        "liquidations": [],
        "receive_time": 1712611712.527,
        "_doc": "d97d774c-9ea1-45aa-ad2e-3671bdcb6084"
    },
    {
        "trades": [
            {
                "side": "buy",
                "price": 71850.0,
                "quantity": 0.11902,
                "timestamp": "2024-04-08 22:28:32"
            }
        ],
        "liquidations": [],
        "receive_time": 1712611712.527,
        "_doc": "9b1caa31-904c-41eb-8743-b7a5d473d5d9"
    },
    {
        "trades": [
            {
                "side": "buy",
                "price": 71985.64,
                "quantity": 0.02221,
                "timestamp": "2024-04-08 22:28:32"
            }
        ],
        "liquidations": [],
        "receive_time": 1712611712.527,
        "_doc": "7f9bc105-f93d-41a8-8ee2-456fbd538b0a"
    },
    {
        "trades": [
            {
                "side": "buy",
                "price": 71985.66,
                "quantity": 0.20549,
                "timestamp": "2024-04-08 22:28:32"
            }
        ],
        "liquidations": [],
        "receive_time": 1712611712.527,
        "_doc": "1b8d1577-788e-4a72-9cba-ed01d49cb575"
    },
    {
        "trades": [
            {
                "side": "buy",
                "price": 71985.68,
                "quantity": 0.18892,
                "timestamp": "2024-04-08 22:28:32"
            }
        ],
        "liquidations": [],
        "receive_time": 1712611712.527,
        "_doc": "7b562fe5-c722-46a3-bac1-a697c47702af"
    },
    {
        "trades": [
            {
                "side": "buy",
                "price": 71850.0,
                "quantity": 0.09361,
                "timestamp": "2024-04-08 22:28:32"
            }
        ],
        "liquidations": [],
        "receive_time": 1712611712.524,
        "_doc": "c07a1d9a-3783-47ff-91f8-f1d949a1e20c"
    },
    {
        "trades": [
            {
                "side": "buy",
                "price": 71850.01,
                "quantity": 0.00348,
                "timestamp": "2024-04-08 22:28:32"
            }
        ],
        "liquidations": [],
        "receive_time": 1712611712.524,
        "_doc": "a67fe66a-1dba-4c58-a84f-3297b975af9a"
    },
    {
        "trades": [
            {
                "side": "buy",
                "price": 71851.04,
                "quantity": 0.01002,
                "timestamp": "2024-04-08 22:28:32"
            }
        ],
        "liquidations": [],
        "receive_time": 1712611712.524,
        "_doc": "7d9fbb91-a460-4ceb-83f1-c55b58a71c62"
    },
    {
        "trades": [
            {
                "side": "buy",
                "price": 71851.19,
                "quantity": 0.00877,
                "timestamp": "2024-04-08 22:28:32"
            }
        ],
        "liquidations": [],
        "receive_time": 1712611712.524,
        "_doc": "d12a2aa8-1eb8-4742-a9a9-e9778d4277ea"
    },
    {
        "trades": [
            {
                "side": "buy",
                "price": 71851.2,
                "quantity": 0.04871,
                "timestamp": "2024-04-08 22:28:32"
            }
        ],
        "liquidations": [],
        "receive_time": 1712611712.524,
        "_doc": "ecdb3fc0-f866-4407-be0f-54da87a9377b"
    },
    {
        "trades": [
            {
                "side": "buy",
                "price": 71851.68,
                "quantity": 0.00195,
                "timestamp": "2024-04-08 22:28:32"
            }
        ],
        "liquidations": [],
        "receive_time": 1712611712.524,
        "_doc": "c85f502c-0f43-4c4f-af11-462b7a360388"
    },
    {
        "trades": [
            {
                "side": "buy",
                "price": 71852.0,
                "quantity": 0.0729,
                "timestamp": "2024-04-08 22:28:32"
            }
        ],
        "liquidations": [],
        "receive_time": 1712611712.524,
        "_doc": "f2a707ab-7b5e-4294-a09b-5c92078739ef"
    },
    {
        "trades": [
            {
                "side": "buy",
                "price": 71853.03,
                "quantity": 0.13918,
                "timestamp": "2024-04-08 22:28:32"
            }
        ],
        "liquidations": [],
        "receive_time": 1712611712.524,
        "_doc": "a96fddc6-0ffa-42bc-a5ce-1cc1f9e4f820"
    },
    {
        "trades": [
            {
                "side": "buy",
                "price": 71853.17,
                "quantity": 0.0006,
                "timestamp": "2024-04-08 22:28:32"
            }
        ],
        "liquidations": [],
        "receive_time": 1712611712.524,
        "_doc": "6402f689-e66c-44de-9f73-433a13569fc4"
    },
    {
        "trades": [
            {
                "side": "buy",
                "price": 71853.38,
                "quantity": 0.00133,
                "timestamp": "2024-04-08 22:28:32"
            }
        ],
        "liquidations": [],
        "receive_time": 1712611712.524,
        "_doc": "891f189e-866a-4400-a4f0-f1fdcc8f546b"
    },
    {
        "trades": [
            {
                "side": "buy",
                "price": 71854.0,
                "quantity": 0.41512,
                "timestamp": "2024-04-08 22:28:32"
            }
        ],
        "liquidations": [],
        "receive_time": 1712611712.524,
        "_doc": "6fe2d03d-8e96-4cb1-94d5-9340b4c42e96"
    },
    {
        "trades": [
            {
                "side": "buy",
