[{"timestamp": "2024-04-08 22:28:46", "receive_time": 1712611726.354, "asks": [[71886.3, 0.0], [71886.8, 0.0], [71887.8, 0.0], [71888.1, 0.0], [71890.1, 15.295312688996608], [71890.9, 0.0], [71891.3, 8.594509034769523], [71893.2, 0.7075382740488227], [71894.9, 0.00520248730918252], [71897.6, 2.9888289591253576], [71897.7, 0.0], [71897.9, 0.00520248730918252], [71898.5, 4.965774136614716], [71899.8, 0.00260124365459126], [71899.9, 0.0], [71900.5, 1.282413121713491], [71901.0, 0.260124365459126], [71901.9, 1.5737524110277124], [71902.8, 0.0], [71903.1, 1.5789548983368948], [71903.9, 0.00520248730918252], [71904.6, 0.01820870558213882], [71905.4, 0.01820870558213882], [71905.9, 0.0], [71906.4, 1.5763536546823036], [71907.4, 0.0260124365459126], [71919.8, 0.0], [71925.6, 0.00260124365459126], [71945.1, 0.0], [71945.2, 2.0367737815449565], [71945.3, 0.02080994923673008], [71945.4, 0.02080994923673008], [72862.6, 78.2480103737597], [72955.4, 0.0], [74300.4, 13.508258298292413]], "bids": [[5000.0, 0.6347034517202674], [35945.0, 0.0], [70403.4, 0.0], [70811.6, 8.828620963682736], [70919.5, 5.803374593393101], [70991.4, 2.9498103043064887], [70993.4, 73.19379395288887], [71065.2, 48.6614650464387], [71278.7, 0.0910435279106941], [71386.5, 0.04161989847346016], [71530.6, 0.00260124365459126], [71853.0, 2.200652131784206], [71857.4, 0.2679280964228998], [71857.6, 23.603684921761094], [71857.7, 0.0], [71858.3, 1.6647959389384064], [71860.9, 0.01820870558213882], [71864.0, 1.5737524110277124], [71864.1, 0.00260124365459126], [71864.8, 0.0], [71864.9, 0.0], [71865.4, 0.0650310913647815], [71865.9, 0.05722736040100772], [71866.0, 0.0], [71866.2, 0.03641741116427764], [71866.4, 0.0650310913647815], [71867.1, 0.0], [71874.1, 0.01820870558213882], [71874.5, 0.1820870558213882], [71874.7, 0.0520248730918252], [71874.8, 0.0], [71875.7, 0.01560746192754756], [71875.8, 0.0], [71875.9, 0.8376004567783857], [71876.0, 0.01040497461836504], [71876.1, 1.30062182729563], [71876.2, 0.0], [71876.3, 0.0], [71878.9, 0.00260124365459126], [71880.1, 0.01820870558213882], [71880.2, 0.0], [71882.8, 4.950166674687168], [71882.9, 0.01820870558213882], [71884.5, 0.02861368020050386], [71890.0, 0.09884725887446788], [71890.8, 0.0], [71890.9, 0.0], [71891.0, 0.0], [71891.2, 0.0], [71892.0, 0.0]], "_doc": "0e96780f-ad81-4831-b20a-3d548c6ac959"}, {"timestamp": "2024-04-08 22:28:45", "receive_time": 1712611725.852, "asks": [[71888.1, 0.0], [71890.1, 12.81602744768046], [71892.1, 3.6000369367951603], [71903.1, 0.0052023655155999425], [71905.9, 0.0364165586091996], [71917.3, 24.833491788716326], [71917.4, 0.0], [71919.8, 0.0026011827577999713], [71920.1, 0.0], [71945.1, 0.02080946206239977], [71945.2, 2.0575355614197774], [71945.3, 0.0], [71945.4, 0.0], [72896.6, 7.572043007955717], [73162.1, 0.0]], "bids": [[5000.0, 0.634688592903193], [35945.0, 0.0], [70919.5, 2.8560986680643685], [70921.5, 76.06638738634456], [71063.3, 2.9523424301029677], [71530.6, 0.0026011827577999713], [71808.5, 0.02080946206239977], [71808.7, 1.0144612755419888], [71853.0, 2.200600613098776], [71853.7, 0.0], [71857.4, 22.53924859633675], [71857.5, 0.0], [71857.7, 0.0], [71859.9, 0.0], [71860.9, 0.0], [71865.9, 0.12225558961659866], [71866.2, 0.0182082793045998], [71867.0, 0.026011827577999715], [71867.1, 0.0182082793045998], [71874.1, 0.0], [71874.7, 0.05202365515599943], [71875.8, 0.0], [71876.0, 0.028613010335799684], [71876.3, 0.0], [71880.1, 0.0182082793045998], [71880.2, 0.0], [71882.8, 4.950050788093345], [71882.9, 0.0182082793045998], [71883.3, 0.0], [71890.8, 0.0], [71890.9, 0.0], [71891.0, 0.0], [71891.2, 0.0]], "_doc": "736ea2f9-cc3c-4313-87fd-40f15d37e6eb"}, {"timestamp": "2024-04-08 22:28:45", "receive_time": 1712611725.352, "asks": [[71888.1, 0.0], [71890.1, 12.78481325458686], [71892.1, 3.62864994713096], [71894.9, 0.0], [71902.7, 0.0], [71903.1, 0.023410644820199743], [71903.9, 1.5737155684689828], [71904.6, 0.0], [71905.4, 0.0], [71905.8, 0.0], [71905.9, 0.0182082793045998], [71906.4, 0.0026011827577999713], [71907.0, 0.0], [71907.2, 0.0], [71907.4, 1.5997273960469824], [71917.3, 0.023410644820199743], [71917.4, 24.810081143896127], [71917.5, 0.04161892412479954], [71917.6, 0.0], [71919.8, 0.0], [71920.1, 0.0026011827577999713], [71927.9, 0.0], [71945.3, 0.02080946206239977], [71945.4, 0.02080946206239977], [71948.3, 0.0], [71948.4, 0.0], [71974.9, 12.509087882260063], [72041.0, 0.3251478447249964], [72776.7, 0.0], [72827.6, 5.675780777519538], [72898.6, 24.60979007154553]], "bids": [[5000.0, 0.634688592903193], [35945.0, 0.0], [70811.6, 2.75725372326797], [71065.2, 51.521626883744034], [71099.2, 2.400891685449374], [71101.2, 96.11110171795114], [71530.6, 0.0026011827577999713], [71804.6, 0.0], [71804.7, 0.0026011827577999713], [71808.6, 1.8936610476783793], [71808.7, 1.0352707376043886], [71838.5, 0.0], [71847.5, 0.9780447169327893], [71850.5, 2.018517820052778], [71853.0, 2.200600613098776], [71857.3, 0.0], [71857.4, 22.547052144610152], [71857.7, 0.0], [71859.9, 0.0182082793045998], [71860.9, 0.0], [71862.1, 1.5737155684689828], [71863.3, 0.0], [71864.4, 0.0], [71865.9, 0.18728515856159794], [71866.8, 0.0], [71874.1, 0.0], [71874.7, 0.0], [71876.2, 0.0], [71880.1, 4.944848422577746], [71880.2, 0.0364165586091996], [71882.8, 0.0052023655155999425], [71883.2, 0.0], [71890.0, 0.10144612755419889], [71890.8, 0.0], [71890.9, 0.0], [71891.0, 0.0], [71891.2, 0.0]], "_doc": "ec88be59-9041-4cde-9cac-16b1f6134dde"}, {"timestamp": "2024-04-08 22:28:44", "receive_time": 1712611724.848, "asks": [[71888.1, 0.0], [71890.1, 13.367478192334053], [71891.3, 10.732480058682683], [71897.9, 1.8832563166471794], [71898.1, 0.091041396522999], [71898.5, 0.0182082793045998], [71899.8, 2.988758988712167], [71899.9, 4.947449605335546], [71901.4, 0.0], [71907.3, 0.0], [71917.4, 14.811134622913038], [71920.1, 0.0], [71928.9, 0.0], [71980.4, 0.15607096546799828], [72017.7, 0.0], [72020.4, 0.0], [72860.6, 3.4049482299601626], [72862.6, 81.27395526746011]], "bids": [[5000.0, 0.634688592903193], [35945.0, 0.0], [70813.6, 71.31402648784402], [71530.6, 0.0026011827577999713], [71788.1, 0.0], [71809.2, 0.1352615034055985], [71853.0, 0.0], [71853.7, 0.0], [71857.3, 22.279130320556757], [71857.5, 0.0], [71857.7, 2.200600613098776], [71864.4, 0.0052023655155999425], [71865.9, 0.12225558961659866], [71866.8, 0.0], [71867.5, 0.0], [71874.1, 0.0182082793045998], [71874.7, 0.05202365515599943], [71874.8, 0.0], [71875.7, 0.08063666549179911], [71875.9, 0.5774625722315937], [71880.2, 0.0182082793045998], [71890.8, 0.0], [71890.9, 0.0], [71891.0, 0.0], [71891.2, 0.0]], "_doc": "18e983b6-e504-41fa-b2a2-b5f7f7e74d6a"}, {"timestamp": "2024-04-08 22:28:44", "receive_time": 1712611724.347, "asks": [[71882.7, 0.0], [71882.8, 0.0], [71882.9, 0.0], [71883.0, 0.0], [71883.1, 0.0], [71883.7, 0.0], [71883.9, 0.0], [71885.2, 0.0], [71885.9, 0.0], [71886.3, 0.0], [71886.8, 0.0], [71887.8, 0.0], [71888.1, 0.0], [71890.0, 0.0], [71890.1, 13.33720069664567], [71890.9, 6.448784967229299], [71891.0, 0.780409637018471], [71891.1, 0.780409637018471], [71891.3, 10.730632509003977], [71893.2, 0.0], [71894.2, 0.11706144555277065], [71894.9, 0.005202730913456474], [71895.3, 0.0], [71895.4, 0.0780409637018471], [71897.7, 0.0], [71897.8, 0.7023686733166239], [71897.9, 2.757447384131931], [71898.5, 4.966006656894204], [71898.9, 0.44223212764380027], [71899.8, 0.002601365456728237], [71899.9, 0.0], [71900.1, 0.0], [71901.4, 0.9547011226192629], [71902.2, 0.0], [71902.8, 1.5738261013205832], [71902.9, 0.054628674591292975], [71903.0, 0.0], [71903.1, 0.005202730913456474], [71903.8, 0.0], [71903.9, 0.005202730913456474], [71904.3, 2.2033565418488164], [71904.7, 4.708471476678109], [71904.8, 0.780409637018471], [71905.0, 0.0], [71905.4, 1.5738261013205832], [71905.8, 0.01820955819709766], [71905.9, 0.01820955819709766], [71907.2, 1.5738261013205832], [71907.3, 2.822481520550137], [71908.1, 0.0], [71908.2, 0.1482778310335095], [71909.0, 0.0], [71917.5, 24.65053906795677], [71917.6, 0.02341228911055413], [71917.7, 0.0], [71919.9, 0.02341228911055413], [71920.1, 0.0], [71920.7, 0.0], [71921.9, 0.0], [71922.3, 0.0], [71922.7, 0.0], [71928.9, 0.002601365456728237], [71929.6, 0.0], [72718.0, 1.8963954179548845], [74248.3, 0.0]], "bids": [[5000.0, 0.6321318059849615], [35945.0, 0.0], [70813.6, 74.07648274579327], [70921.5, 79.01907711357691], [70993.4, 76.05612185836345], [71207.2, 0.0], [71314.9, 0.0], [71530.6, 0.002601365456728237], [71531.7, 0.0], [71838.5, 2.086295096296046], [71847.5, 1.108181684566229], [71850.1, 0.0], [71853.0, 2.2007551763920885], [71857.7, 0.0], [71859.9, 0.01820955819709766], [71860.9, 0.0], [71861.6, 1.5738261013205832], [71862.8, 0.002601365456728237], [71863.3, 1.5738261013205832], [71864.0, 0.0], [71864.2, 0.026013654567282368], [71864.3, 0.01820955819709766], [71864.8, 1.009329797210556], [71864.9, 1.5738261013205832], [71865.6, 0.0], [71865.9, 0.05723004004802121], [71866.2, 0.03641911639419532], [71866.8, 0.06503413641820592], [71866.9, 0.0], [71867.1, 0.0], [71867.4, 0.0], [71867.5, 0.0], [71868.1, 0.15348056194696597], [71869.4, 0.0], [71871.3, 0.0], [71873.5, 0.002601365456728237], [71874.1, 0.0], [71874.7, 0.052027309134564735], [71875.7, 0.08064232915857535], [71876.0, 0.010405461826912947], [71876.2, 0.0], [71876.9, 0.026013654567282368], [71877.7, 0.0], [71879.2, 0.0], [71880.1, 0.0], [71880.2, 0.03641911639419532], [71881.1, 0.0], [71882.4, 0.2341228911055413], [71882.8, 4.950398464153834], [71883.0, 0.0], [71883.1, 0.0], [71883.2, 0.01820955819709766], [71883.6, 0.0], [71890.0, 0.09625052189894476], [71890.8, 0.0], [71890.9, 0.0], [71891.0, 0.0], [71891.2, 0.0], [71891.9, 0.0], [71892.0, 0.0]], "_doc": "7732bb45-e9d7-46c0-9169-1a49e2c7bff2"}, {"timestamp": "2024-04-08 22:28:43", "receive_time": 1712611723.842, "asks": [[71886.3, 0.0], [71886.8, 0.0], [71887.5, 0.0], [71887.8, 0.0], [71888.1, 0.0], [71890.1, 13.284551343997565], [71891.1, 0.0], [71891.2, 0.0], [71891.3, 10.79516116655373], [71892.1, 3.701569720483363], [71892.3, 0.0], [71892.5, 0.0], [71892.7, 0.00780373096377378], [71892.9, 0.0], [71893.1, 0.260124365459126], [71893.2, 0.7153420050125965], [71894.1, 0.0780373096377378], [71895.4, 0.4422114212805142], [71895.6, 0.0], [71896.1, 0.0], [71897.9, 2.0237675632720005], [71898.5, 0.0], [71899.0, 1.3032230709502213], [71899.1, 0.0], [71899.2, 3.121492385509512], [71899.8, 2.97322149719781], [71899.9, 4.947565431032577], [71901.0, 0.260124365459126], [71905.1, 0.780373096377378], [71905.8, 0.0], [71905.9, 0.0], [71906.0, 0.12485969542038047], [71906.4, 0.00260124365459126], [71908.1, 1.5737524110277124], [71908.2, 0.9286439846890798], [71908.3, 0.8115880202324731], [71908.8, 0.0], [71909.0, 0.780373096377378], [71917.5, 0.04161989847346016], [71917.6, 14.795873907315087], [71918.7, 0.0], [71918.9, 0.0], [71921.3, 0.780373096377378], [71921.9, 0.780373096377378], [71922.7, 0.780373096377378], [71948.2, 0.0520248730918252], [71949.6, 0.34076291875145504], [72124.3, 0.24451690353157843], [72151.0, 0.0], [72610.2, 7.543606598314654], [72718.9, 56.76954151779966], [72827.5, 13.242931445524105], [72861.8, 2.458175253588741]], "bids": [[5000.0, 0.6347034517202674], [70921.5, 81.96258631251601], [71028.5, 2.9498103043064887], [71064.5, 2.9706202535432187], [71531.7, 0.00260124365459126], [71793.3, 1.7896556343587868], [71839.4, 1.5659486800639386], [71841.4, 0.0], [71844.8, 0.00260124365459126], [71846.8, 2.60124365459126], [71853.0, 0.0], [71856.9, 0.0], [71857.3, 22.245835734064457], [71857.5, 0.0], [71859.7, 0.00260124365459126], [71860.9, 0.01820870558213882], [71861.1, 0.0], [71861.6, 1.5737524110277124], [71862.0, 1.1367434770563807], [71863.3, 0.0], [71864.3, 0.0], [71864.8, 1.0118837816360002], [71867.4, 0.130062182729563], [71867.5, 0.0], [71870.4, 0.0390186548188689], [71870.5, 0.01560746192754756], [71874.1, 0.0], [71874.7, 0.0520248730918252], [71874.8, 0.0], [71875.3, 0.0], [71875.5, 1.3032230709502213], [71875.6, 0.0], [71876.0, 0.1690808375484319], [71877.2, 0.01820870558213882], [71877.7, 0.01820870558213882], [71878.9, 0.00260124365459126], [71879.9, 0.0260124365459126], [71880.1, 0.0], [71880.2, 0.01820870558213882], [71881.2, 0.0], [71882.0, 0.0], [71882.8, 4.950166674687168], [71882.9, 0.0], [71883.0, 0.01820870558213882], [71883.5, 0.0], [71883.6, 0.2341119289132134], [71883.8, 0.00260124365459126], [71883.9, 0.0], [71885.8, 0.0], [71887.4, 0.0], [71890.0, 0.5358561928457996], [71891.0, 0.0], [71891.1, 0.0], [71891.2, 0.0], [71891.9, 0.0], [71892.0, 0.0], [71892.2, 0.0], [71892.8, 0.0]], "_doc": "90bd487e-8085-4d74-9115-64bdf84189b0"}, {"timestamp": "2024-04-08 22:28:43", "receive_time": 1712611723.34, "asks": [[71887.5, 0.0], [71887.8, 0.0], [71888.1, 0.0], [71890.1, 0.0], [71890.8, 0.0], [71891.3, 22.05560071533084], [71892.1, 5.2804422045195905], [71896.7, 0.0], [71897.9, 0.2653227117541863], [71899.1, 0.0], [71899.2, 0.36676963095431636], [71899.3, 0.08323849780523492], [71899.4, 0.0], [71899.8, 2.9939847179320433], [71899.9, 4.947488213298651], [71900.1, 0.0], [71900.8, 0.0], [71900.9, 0.0], [71901.0, 0.26012030564135913], [71902.2, 0.0], [71902.8, 0.0], [71903.9, 1.5737278491302227], [71904.3, 2.2032189887823117], [71904.5, 0.09364331003088928], [71904.6, 0.0], [71904.7, 3.927816615184523], [71905.0, 0.01820842139489514], [71905.4, 1.5737278491302227], [71905.7, 0.0], [71906.0, 0.9052186636319298], [71907.0, 0.0], [71907.3, 0.01820842139489514], [71907.6, 0.3953828645748659], [71908.8, 1.5737278491302227], [71909.4, 0.0], [71909.9, 0.0], [71917.7, 24.58136888310844], [71917.8, 0.049422858071858235], [71918.1, 0.18208421394895138], [71918.7, 0.04161924890261746], [71918.8, 0.0], [72611.0, 2.9575678751422534], [72776.9, 0.0]], "bids": [[5000.0, 0.6346935457649163], [35945.6, 0.0], [70956.6, 6.0842139489513904], [71029.3, 28.77710941310356], [71531.7, 0.002601203056413591], [71804.6, 0.02080962445130873], [71804.7, 0.02341082750772232], [71804.8, 0.0], [71804.9, 5.199804909770769], [71805.5, 0.0], [71805.6, 1.500894163550642], [71806.0, 0.0], [71806.1, 0.0], [71806.2, 0.0], [71806.3, 20.825231669647213], [71806.5, 0.0], [71806.6, 0.0], [71806.7, 0.0], [71806.8, 0.002601203056413591], [71806.9, 0.0], [71807.0, 0.0], [71807.1, 1.3032027312632093], [71807.2, 0.0], [71807.4, 0.0], [71808.3, 0.0], [71809.2, 0.0], [71809.3, 0.0], [71809.4, 0.0], [71853.0, 0.0], [71856.9, 22.167452446756624], [71857.5, 0.0], [71857.7, 2.2006177857258984], [71860.9, 0.0], [71861.0, 0.002601203056413591], [71863.3, 1.5737278491302227], [71864.0, 0.01820842139489514], [71864.2, 1.5997398796943587], [71864.3, 0.0], [71864.4, 0.0], [71864.5, 0.0], [71864.9, 0.0], [71865.6, 1.5737278491302227], [71865.7, 0.0], [71866.2, 0.0], [71867.5, 0.06503007641033978], [71867.6, 0.0], [71868.2, 0.0], [71869.4, 0.01820842139489514], [71871.3, 0.04422045195903105], [71874.1, 0.01820842139489514], [71876.0, 0.16907819866688342], [71877.1, 0.10925052836937084], [71877.2, 0.01820842139489514], [71877.3, 0.13526255893350675], [71877.7, 0.01820842139489514], [71878.7, 0.07803609169240774], [71881.6, 0.0], [71883.9, 0.0], [71890.0, 0.40058527068769306], [71891.2, 0.1196553405950252], [71891.9, 0.0], [71892.0, 0.0], [71892.2, 0.0], [71892.8, 0.0]], "_doc": "84b47cb1-38ba-40a5-8ea0-4ca2a1e7cef3"}, {"timestamp": "2024-04-08 22:28:42", "receive_time": 1712611722.836, "asks": [[71890.1, 0.0], [71891.3, 22.052253801204575], [71892.1, 5.285465879222422], [71899.2, 0.3667572288239968], [71899.4, 0.0], [71900.6, 0.26011150980425307], [71900.7, 0.7023010764714833], [71900.8, 2.9730745570626125], [71900.9, 4.947320916476893], [71904.0, 0.28352154568663585], [71904.1, 0.0], [71904.2, 0.0], [71904.3, 0.0], [71905.7, 0.018207805686297714], [71907.2, 0.0], [71917.4, 0.0], [71917.5, 0.0], [71917.6, 0.0], [71917.8, 24.629958863364724], [71918.6, 0.0], [71918.7, 0.04161784156868049], [71918.8, 0.0], [71974.9, 12.50876250648653], [72041.0, 0.3251393872553163], [72044.5, 0.0]], "bids": [[5000.0, 0.632070968824335], [35945.6, 0.0], [70201.7, 14.587053469822512], [71531.7, 0.0026011150980425305], [71532.5, 0.018207805686297714], [71856.4, 0.0], [71857.5, 13.374933834134692], [71860.9, 2.2005433729439807], [71876.9, 0.09103902843148858], [71883.9, 0.018207805686297714], [71891.9, 0.0], [71892.0, 0.0], [71892.2, 0.0], [71892.8, 0.0]], "_doc": "243a0d12-e980-4925-88d7-e8673592afaa"}, {"timestamp": "2024-04-08 22:28:42", "receive_time": 1712611722.33, "asks": [[71882.8, 0.0], [71882.9, 0.0], [71883.9, 0.0], [71884.2, 0.0], [71885.2, 0.0], [71886.3, 0.0], [71887.5, 0.0], [71887.8, 0.0], [71888.1, 0.0], [71889.9, 0.0], [71890.0, 0.0], [71890.1, 0.0], [71890.2, 0.0], [71890.3, 0.0], [71890.4, 0.0], [71890.5, 0.0], [71890.6, 0.0], [71890.7, 0.0], [71890.8, 0.0], [71890.9, 0.0], [71891.0, 0.0], [71891.1, 0.0], [71891.2, 0.0], [71891.3, 21.739582845577942], [71891.4, 0.0], [71891.5, 0.005202724146363035], [71891.6, 0.0], [71891.7, 0.0], [71891.8, 0.0], [71891.9, 0.0], [71892.0, 0.12486537951271286], [71892.1, 5.936308251000224], [71892.3, 0.7804086219544554], [71892.6, 0.0], [71893.2, 0.9703080532967061], [71893.4, 0.0], [71893.5, 0.1586830864640726], [71893.9, 0.0], [71894.8, 0.0], [71896.1, 0.005202724146363035], [71899.2, 3.334946177818706], [71899.4, 4.947790663191247], [71899.9, 0.018209534512270625], [71900.4, 0.0], [71900.9, 0.0], [71901.0, 0.2601362073181518], [71901.4, 0.0], [71901.9, 0.0], [71902.2, 1.5738240542748183], [71902.8, 0.0], [71903.1, 0.44743427658722107], [71904.0, 0.30175800048905604], [71904.6, 1.5790267784211813], [71904.7, 3.9332594546504547], [71905.1, 0.7856113461008184], [71905.4, 0.0], [71905.7, 0.0], [71906.3, 0.0], [71906.5, 2.3802462969610887], [71907.1, 0.02601362073181518], [71907.2, 2.79386286659695], [71907.3, 0.005202724146363035], [71907.4, 0.02601362073181518], [71907.8, 0.0], [71908.1, 0.0], [71908.4, 0.0026013620731815176], [71908.6, 0.0026013620731815176], [71908.7, 0.0], [71908.9, 0.09885175878089768], [71909.4, 0.018209534512270625], [71909.9, 1.5738240542748183], [71914.0, 0.6737527769540131], [71915.1, 0.145676276098165], [71915.3, 0.09885175878089768], [71916.6, 0.0], [71917.6, 24.624493384736247], [71917.7, 0.0], [71918.0, 1.3006810365907588], [71918.1, 0.18209534512270625], [71922.3, 0.0026013620731815176], [71922.9, 0.015608172439089107], [71924.7, 0.0], [71926.2, 0.0], [71928.9, 0.0], [71929.6, 0.0], [71933.7, 0.0], [71980.0, 0.0026013620731815176], [71992.3, 0.03902043109772277], [72002.8, 0.0026013620731815176], [72003.6, 0.0], [72019.1, 0.0], [72718.9, 58.66071475024322]], "bids": [[5000.0, 0.6347323458562903], [70152.8, 0.0], [70885.5, 31.29958846452002], [70921.5, 84.82261312022975], [71065.2, 54.477724536567344], [71532.5, 0.02081089658545214], [71610.4, 0.0], [71612.0, 3.1710603672082702], [71729.3, 0.0], [71731.0, 3.155452194769181], [71762.5, 1.5269995369575509], [71778.5, 0.0], [71779.8, 0.0026013620731815176], [71780.6, 2.809471039036039], [71780.7, 1.6960880717143496], [71792.4, 3.1216344878178215], [71809.3, 0.02081089658545214], [71809.4, 0.02081089658545214], [71809.5, 0.0], [71809.6, 0.0], [71809.9, 0.0], [71810.0, 0.0], [71810.1, 0.0], [71810.2, 0.0], [71810.3, 0.0], [71811.3, 0.0], [71811.4, 0.0], [71835.5, 7.819694391983642], [71836.5, 4.705863990385366], [71846.7, 0.0], [71847.8, 0.0], [71847.9, 0.0], [71850.1, 2.0862923826915774], [71853.9, 0.0], [71856.4, 2.200752313911564], [71856.9, 22.26505798436061], [71857.7, 0.0], [71860.1, 0.0], [71860.9, 0.0], [71861.0, 0.0026013620731815176], [71863.3, 1.5738240542748183], [71864.2, 0.02601362073181518], [71864.6, 0.0], [71864.7, 0.20810896585452143], [71864.8, 1.0093284843944288], [71864.9, 0.018209534512270625], [71865.5, 0.1586830864640726], [71866.0, 0.0], [71867.4, 0.0], [71867.6, 0.1300681036590759], [71868.2, 0.018209534512270625], [71868.3, 0.0], [71868.4, 0.0], [71868.6, 0.0], [71869.4, 0.0], [71869.7, 0.0], [71870.1, 0.7830099840276369], [71870.4, 0.0], [71872.7, 0.3641906902454125], [71873.7, 0.0026013620731815176], [71874.1, 0.018209534512270625], [71875.7, 0.015608172439089107], [71876.0, 0.221115776220429], [71876.6, 0.0], [71876.7, 0.0], [71876.9, 0.06503405182953795], [71877.1, 0.12746674158589438], [71877.2, 0.0], [71877.7, 0.0], [71878.5, 0.0], [71878.7, 0.09625039670771615], [71878.8, 2.000447434276587], [71879.2, 0.0], [71879.5, 0.0], [71879.7, 1.3006810365907588], [71879.8, 0.028614982804996695], [71881.2, 0.0], [71881.7, 0.0], [71882.5, 0.02601362073181518], [71882.8, 0.005202724146363035], [71882.9, 4.945189301118066], [71883.9, 0.0], [71884.1, 0.0], [71884.2, 0.0], [71884.3, 0.0], [71886.7, 0.22371713829361053], [71887.4, 0.16908853475679866], [71891.2, 0.27574437975724087], [71891.4, 0.0], [71891.5, 0.0], [71891.9, 0.0], [71892.0, 0.0], [71892.2, 0.0], [71892.5, 0.0], [71892.8, 0.0]], "_doc": "5316ff58-6678-40dc-8c2f-06331df05464"}, {"timestamp": "2024-04-08 22:28:41", "receive_time": 1712611721.824, "asks": [[71890.1, 0.0], [71891.5, 0.0], [71891.6, 0.0], [71892.1, 16.26997493825603], [71899.2, 0.3667572288239968], [71899.3, 0.08323568313736097], [71899.8, 0.0026011150980425305], [71899.9, 3.0068890533371655], [71900.4, 4.947320916476893], [71900.9, 0.0], [71901.0, 0.26011150980425307], [71901.4, 0.0], [71901.9, 0.0], [71903.9, 0.0], [71904.0, 1.8571961800023669], [71904.3, 0.26011150980425307], [71905.4, 1.5918824400020288], [71905.7, 0.0], [71906.3, 0.0], [71907.4, 0.026011150980425307], [71908.7, 1.573674634315731], [71908.8, 0.0], [71917.7, 0.0], [71918.0, 26.047566591797903], [71918.1, 0.22369589843165763], [71918.2, 0.005202230196085061], [71918.8, 0.0], [71918.9, 0.023410035882382777], [71919.0, 0.0], [71920.8, 0.0026011150980425305], [71921.8, 0.0], [71948.3, 0.020808920784340244], [71948.4, 0.020808920784340244], [71948.6, 0.0], [71948.7, 0.0026011150980425305], [71974.9, 0.0], [72021.6, 0.0]], "bids": [[5000.0, 0.6346720839223775], [35946.0, 0.0], [70885.5, 23.932860017089325], [70921.5, 81.50073936696661], [70957.4, 51.42924771849692], [71532.5, 0.020808920784340244], [71811.3, 0.020808920784340244], [71811.4, 0.020808920784340244], [71811.6, 0.0], [71811.7, 0.0], [71850.5, 0.0], [71850.6, 0.9338003201972686], [71856.4, 0.0], [71856.9, 0.0], [71857.7, 2.2005433729439807], [71860.1, 22.26294412414602], [71860.9, 0.0], [71861.0, 0.0026011150980425305], [71864.6, 1.573674634315731], [71864.7, 0.018207805686297714], [71866.0, 0.0], [71867.1, 0.018207805686297714], [71868.2, 0.0], [71870.4, 0.08323568313736097], [71871.8, 0.0], [71872.7, 0.6190653933341222], [71874.1, 0.0], [71876.6, 0.052022301960850614], [71876.7, 0.0], [71877.2, 0.0], [71877.7, 0.018207805686297714], [71881.3, 0.0], [71882.8, 4.9499220315749355], [71883.7, 0.0], [71884.2, 0.0], [71887.3, 0.0], [71887.4, 0.19768474745123232], [71892.0, 1.7375448854924105], [71892.2, 0.0], [71892.5, 0.0], [71892.8, 0.0], [71893.8, 0.0]], "_doc": "2c3514bb-a566-4d29-ad18-16982d0bc2af"}, {"timestamp": "2024-04-08 22:28:41", "receive_time": 1712611721.316, "asks": [[71890.1, 0.0], [71891.5, 0.0], [71891.6, 0.0], [71899.4, 0.0], [71899.9, 0.018207805686297714], [71905.7, 0.018207805686297714], [71906.3, 1.573674634315731], [71907.3, 0.0], [71907.4, 0.026011150980425307], [71908.8, 1.573674634315731], [71909.9, 0.0], [71947.9, 0.0], [71948.0, 0.0], [71948.1, 0.0], [71948.2, 0.0], [71948.3, 0.0], [71948.5, 0.0], [71948.6, 0.020808920784340244], [71948.7, 0.023410035882382777], [71975.0, 20.808920784340245], [71975.1, 0.0], [71978.7, 0.0], [71979.5, 0.0], [71981.3, 3.048506894905846], [72790.8, 81.00132526814245]], "bids": [[5000.0, 0.632070968824335], [35946.0, 0.0], [70921.5, 84.81456000187279], [71532.5, 0.020808920784340244], [71810.9, 0.0], [71811.0, 0.0], [71811.3, 0.020808920784340244], [71811.4, 0.020808920784340244], [71842.3, 1.0066315429424593], [71850.4, 0.0], [71850.5, 0.9338003201972686], [71857.7, 0.0], [71860.9, 2.2005433729439807], [71863.3, 0.0], [71864.6, 1.5918824400020288], [71867.1, 0.0], [71869.9, 0.0], [71870.4, 0.0], [71872.2, 0.0026011150980425305], [71872.7, 0.6840932707851856], [71873.0, 0.0], [71873.1, 0.0026011150980425305], [71874.1, 0.018207805686297714], [71876.6, 0.0], [71877.2, 0.0], [71877.7, 0.018207805686297714], [71883.6, 0.0]], "_doc": "e3bfbd6e-947e-48e2-9772-20609e5f6f39"}, {"timestamp": "2024-04-08 22:28:40", "receive_time": 1712611720.814, "asks": [[71890.1, 0.0], [71891.5, 0.0], [71891.6, 0.0], [71892.1, 16.267373823157985], [71895.3, 0.0], [71899.2, 0.0], [71899.9, 0.0], [71900.4, 0.0], [71901.0, 3.2331860668668657], [71901.4, 4.947320916476893], [71905.4, 1.573674634315731], [71905.7, 0.0], [71906.4, 3.0719169307882286], [71907.3, 0.018207805686297714], [71907.4, 1.5996857852961563], [71908.6, 0.0026011150980425305], [71909.9, 1.573674634315731], [71917.8, 0.04942118686280808], [71919.0, 24.757413503168806], [72021.6, 0.0026011150980425305], [72790.8, 77.97622840911899], [72862.6, 84.67670090167654], [73222.1, 8.560269787657969]], "bids": [[5000.0, 0.6346720839223775], [35946.0, 0.0], [70993.4, 78.9984666426497], [71532.5, 0.020808920784340244], [71810.9, 0.020808920784340244], [71811.1, 0.0], [71849.6, 0.0], [71849.9, 0.0], [71850.2, 0.0], [71850.4, 0.9338003201972686], [71856.8, 0.0026011150980425305], [71860.1, 22.36438761296968], [71860.9, 0.018207805686297714], [71864.6, 0.018207805686297714], [71866.0, 0.0], [71872.2, 0.0026011150980425305], [71872.6, 2.603716213140573], [71872.8, 0.0026011150980425305], [71873.0, 0.06502787745106327], [71880.1, 0.0], [71880.2, 0.0], [71881.7, 0.0], [71883.7, 4.9447198013788505], [71892.0, 1.6829214684335174], [71892.2, 0.0], [71892.5, 0.0], [71892.8, 0.0], [71893.8, 0.0]], "_doc": "1bb5624c-43ca-4a14-9011-017dc105f00f"}, {"timestamp": "2024-04-08 22:28:40", "receive_time": 1712611720.312, "asks": [[71890.1, 0.0], [71891.3, 0.0], [71891.5, 0.0], [71891.6, 0.0], [71892.1, 16.163329219236285], [71899.4, 0.018207805686297714], [71899.8, 0.0026011150980425305], [71899.9, 2.99128236274891], [71900.1, 0.0], [71900.4, 4.947320916476893], [71900.9, 0.0], [71901.0, 0.26011150980425307], [71901.9, 0.0], [71902.8, 0.0], [71905.4, 1.5918824400020288], [71905.7, 1.573674634315731], [71906.3, 0.0], [71907.3, 0.0], [71907.5, 0.18467917196101968], [71907.8, 0.0], [71908.4, 0.020808920784340244], [71908.6, 1.5762757494137736], [71908.7, 0.0], [71909.9, 0.0], [71917.6, 0.0], [71917.7, 14.815951598450255], [71917.8, 24.687183395521657], [71918.0, 1.3005575490212653], [71919.0, 0.0], [71947.8, 0.0], [71947.9, 0.0], [71948.0, 0.020808920784340244], [71948.1, 0.020808920784340244], [72898.6, 32.18099599298219], [72921.9, 0.0], [72970.5, 83.77931619285187], [73222.1, 5.706846525105313]], "bids": [[5000.0, 0.6346720839223775], [35946.0, 0.0], [70921.5, 78.7357540177474], [71065.2, 57.424818019484945], [71532.5, 0.020808920784340244], [71811.0, 0.020808920784340244], [71811.2, 0.0], [71833.0, 0.9780192768639915], [71850.1, 0.0], [71850.2, 0.9338003201972686], [71857.7, 2.2005433729439807], [71860.9, 13.47377620786031], [71861.6, 0.0], [71862.1, 0.0], [71863.3, 1.573674634315731], [71864.6, 0.018207805686297714], [71867.1, 0.018207805686297714], [71868.2, 0.018207805686297714], [71869.4, 0.0], [71870.4, 0.0], [71871.1, 0.013005575490212654], [71872.0, 0.0], [71872.2, 0.0676289925491058], [71872.7, 0.6190653933341222], [71872.8, 0.0026011150980425305], [71880.1, 0.0], [71880.2, 0.0], [71881.7, 4.9447198013788505], [71883.7, 0.0], [71884.2, 0.0], [71887.3, 0.16907248137276448], [71892.0, 1.701129274119815], [71892.2, 0.0], [71892.5, 0.0], [71892.8, 0.0], [71893.8, 0.0]], "_doc": "acf70e99-eab6-4beb-875c-366bbc423bea"}, {"timestamp": "2024-04-08 22:28:39", "receive_time": 1712611719.812, "asks": [[71890.1, 0.0], [71891.5, 0.0], [71891.6, 0.0], [71892.1, 16.202345945706924], [71899.2, 0.0026011150980425305], [71908.6, 0.0026011150980425305], [71917.9, 0.0], [71918.0, 25.938319757680116], [71918.1, 0.13005575490212654], [71918.2, 0.005202230196085061], [71919.0, 0.0], [71947.8, 0.020808920784340244], [71947.9, 0.020808920784340244], [71948.8, 0.8011434501970994], [71948.9, 0.6346720839223775], [72021.6, 0.0], [72898.6, 24.60654882748234]], "bids": [[5000.0, 0.632070968824335], [35946.0, 0.0], [70921.5, 78.7357540177474], [71532.5, 0.018207805686297714], [71740.8, 0.0026011150980425305], [71811.0, 0.0], [71811.2, 0.020808920784340244], [71850.0, 0.04161784156868049], [71850.1, 0.0], [71850.2, 0.9338003201972686], [71856.4, 0.0], [71860.0, 0.0026011150980425305], [71860.1, 22.424213260224658], [71860.9, 0.018207805686297714], [71863.2, 0.26791485509838064], [71892.0, 1.690724813727645], [71892.2, 0.0], [71892.5, 0.0], [71892.8, 0.0], [71893.8, 0.0]], "_doc": "f12b2567-da46-4b7f-8608-c110b3008200"}, {"timestamp": "2024-04-08 22:28:39", "receive_time": 1712611719.31, "asks": [[71890.1, 0.0], [71891.5, 0.0], [71891.6, 0.0], [71899.2, 0.0], [71899.9, 0.0], [71900.1, 0.018207805686297714], [71900.4, 0.0], [71900.9, 0.0], [71901.0, 3.2383882970629507], [71901.4, 0.0], [71901.9, 4.947320916476893], [71902.8, 0.0], [71903.9, 0.0], [71904.3, 0.26011150980425307], [71904.6, 0.0], [71905.3, 0.0], [71905.4, 0.0], [71905.7, 0.0], [71905.8, 0.7803345294127592], [71906.0, 0.9051880541188007], [71906.3, 1.573674634315731], [71906.9, 0.0], [71907.0, 2.2031444880420232], [71907.2, 0.0], [71907.3, 0.018207805686297714], [71907.4, 0.026011150980425307], [71907.5, 0.2028869776473174], [71907.8, 0.0], [71908.1, 0.0], [71908.7, 1.573674634315731], [71908.8, 0.0], [71909.9, 1.573674634315731], [71916.3, 0.0], [71917.7, 14.9043895117837], [71917.8, 0.04942118686280808], [71917.9, 24.814638035325743], [71918.0, 1.3031586641193078], [71919.0, 0.0], [72003.6, 0.0026011150980425305], [72021.6, 0.0026011150980425305], [73545.6, 3.8210380790244773]], "bids": [[5000.0, 0.6346720839223775], [35946.0, 0.0], [71532.5, 0.020808920784340244], [71740.8, 0.0], [71780.6, 2.811805420983976], [71811.0, 0.020808920784340244], [71811.1, 0.020808920784340244], [71811.6, 0.0], [71811.7, 0.0], [71811.8, 0.0], [71811.9, 0.0], [71812.0, 0.0], [71850.1, 0.9338003201972686], [71850.3, 0.0], [71857.7, 2.2005433729439807], [71860.9, 13.570017466487883], [71861.0, 0.0026011150980425305], [71863.2, 0.2705159701964232], [71863.3, 1.573674634315731], [71864.6, 0.018207805686297714], [71864.7, 0.0], [71866.0, 0.0], [71868.1, 0.23149924372578523], [71868.2, 0.0], [71869.4, 0.0], [71871.1, 0.031213381176510367], [71872.7, 0.6840932707851856], [71872.8, 0.0026011150980425305], [71875.0, 0.0], [71876.2, 0.0], [71876.6, 0.0], [71877.7, 0.0], [71878.8, 0.0], [71880.0, 0.1950836323531898], [71880.1, 0.0], [71880.2, 0.0], [71881.3, 0.0], [71881.7, 0.0], [71883.7, 4.9447198013788505], [71892.0, 1.9430329782377704], [71892.2, 0.0], [71892.5, 0.0], [71892.8, 0.0], [71893.8, 0.0]], "_doc": "486bd5e2-fb73-49c7-a3a7-233a1af71664"}, {"timestamp": "2024-04-08 22:28:38", "receive_time": 1712611718.798, "asks": [[71890.1, 0.0], [71891.3, 0.0], [71891.5, 0.0], [71891.6, 0.0], [71892.1, 16.202345945706924], [71899.5, 0.09624125862757363], [71904.2, 0.4421895666672302], [71904.6, 0.018207805686297714], [71905.4, 0.0], [71907.2, 1.573674634315731], [71907.5, 0.18467917196101968], [71908.8, 1.573674634315731], [71909.9, 0.0], [71917.6, 0.0], [71917.7, 0.0], [71917.8, 24.86405922218855], [71917.9, 0.0], [71919.0, 0.0], [72790.8, 81.00132526814245]], "bids": [[5000.0, 0.6346720839223775], [35946.0, 0.015606690588255184], [71029.3, 31.725800850824747], [71532.5, 0.020808920784340244], [71811.9, 0.020808920784340244], [71812.0, 0.020808920784340244], [71812.1, 0.0], [71812.2, 0.0], [71849.6, 0.0], [71872.4, 0.35635276843182667], [71872.7, 0.7491211482362489], [71880.1, 4.9447198013788505], [71880.2, 0.018207805686297714], [71881.7, 0.0], [71883.7, 0.0], [71884.2, 0.0], [71892.0, 1.690724813727645]], "_doc": "e0e06c6c-4bf6-4513-8e4a-f9b3bdf294a8"}, {"timestamp": "2024-04-08 22:28:38", "receive_time": 1712611718.297, "asks": [[71890.1, 0.0], [71891.3, 0.0], [71891.5, 0.0], [71891.6, 0.0], [71892.1, 16.204947060804965], [71894.1, 0.09884237372561616], [71899.2, 0.0026011150980425305], [71903.1, 0.44739179686331526], [71904.2, 0.4421895666672302], [71905.3, 1.573674634315731], [71905.4, 0.018207805686297714], [71906.0, 0.9051880541188007], [71907.2, 1.573674634315731], [71907.4, 0.026011150980425307], [71908.1, 0.018207805686297714], [71908.4, 0.0026011150980425305], [71917.7, 14.91479397217587], [71948.8, 0.8219523709814397], [71949.0, 0.9780192768639915], [72021.6, 0.0], [72682.9, 100.70217102071658], [72790.8, 81.00132526814245]], "bids": [[5000.0, 0.6346720839223775], [35946.0, 0.0], [70957.4, 57.513255932818396], [71532.5, 0.020808920784340244], [71811.4, 0.0], [71811.5, 0.0], [71812.1, 0.020808920784340244], [71812.2, 0.020808920784340244], [71836.3, 0.0], [71846.9, 2.6115195584347006], [71849.3, 0.0], [71849.6, 0.0], [71853.9, 2.0028586254927485], [71856.4, 0.0], [71857.7, 2.2005433729439807], [71860.0, 22.564673475518955], [71860.9, 0.0], [71861.0, 0.020808920784340244], [71863.3, 0.0], [71864.6, 1.573674634315731], [71864.7, 0.018207805686297714], [71866.0, 0.0], [71868.2, 0.018207805686297714], [71870.4, 0.0], [71871.9, 0.0], [71872.1, 0.0026011150980425305], [71872.2, 0.0026011150980425305], [71872.3, 0.0], [71872.4, 0.6164642782360797], [71876.6, 0.0], [71880.1, 0.0], [71880.2, 0.0], [71881.7, 0.0], [71881.8, 0.0], [71881.9, 0.0026011150980425305], [71882.7, 0.1352579850982116], [71883.7, 4.9447198013788505], [71884.2, 0.0], [71886.4, 0.0], [71892.0, 1.69592704392373], [71892.2, 0.0], [71892.5, 0.0], [71892.8, 0.0], [71893.8, 0.0]], "_doc": "dfaa4999-c487-44b1-9acc-0a631bbe11c8"}, {"timestamp": "2024-04-08 22:28:37", "receive_time": 1712611717.79, "asks": [[71890.1, 0.0], [71891.5, 0.0], [71891.6, 0.0], [71892.1, 16.233559326883434], [71899.2, 0.0], [71899.9, 0.0], [71901.0, 3.2409894121609932], [71917.6, 0.0], [71917.7, 0.0], [71917.9, 24.827643610815954], [71919.0, 0.0], [71924.7, 0.0], [71925.0, 0.0], [71928.9, 0.0026011150980425305], [71933.7, 0.0], [71935.1, 0.0026011150980425305], [71936.6, 0.0], [71948.0, 0.0], [71948.1, 0.0], [71948.2, 0.0], [71948.4, 0.0], [71948.5, 0.0], [71948.6, 0.0], [71948.7, 0.0026011150980425305], [71948.8, 0.8011434501970994], [71948.9, 0.6554810047067178], [71949.0, 0.9988281976483318], [71962.4, 0.0026011150980425305], [72021.6, 0.0026011150980425305], [73439.5, 0.0]], "bids": [[5000.0, 0.632070968824335], [35946.0, 0.0], [70993.4, 76.60283963735253], [71532.5, 0.020808920784340244], [71841.4, 0.0026011150980425305], [71849.3, 0.0], [71849.5, 0.018207805686297714], [71849.6, 0.9338003201972686], [71849.7, 0.10664571901974376], [71859.9, 0.0], [71860.0, 22.754554877676057], [71861.1, 0.0026011150980425305], [71876.6, 0.0], [71880.1, 0.0], [71880.2, 0.0], [71881.7, 4.9447198013788505], [71883.7, 0.0], [71883.8, 0.0026011150980425305], [71892.0, 1.8597972951004094]], "_doc": "c3701297-ce30-4105-b3a6-093be632e46d"}, {"timestamp": "2024-04-08 22:28:37", "receive_time": 1712611717.288, "asks": [[71890.1, 0.0], [71891.5, 0.0], [71891.6, 0.0], [71899.9, 2.9886812476508675], [71900.1, 0.018207805686297714], [71900.3, 0.005202230196085061], [71900.9, 0.0], [71901.0, 0.26011150980425307], [71901.4, 4.947320916476893], [71901.9, 0.0], [71902.8, 0.0], [71903.9, 0.0], [71904.0, 0.28352154568663585], [71904.6, 0.0], [71905.4, 0.018207805686297714], [71905.7, 0.0], [71906.3, 0.0], [71907.0, 0.0026011150980425305], [71907.2, 1.573674634315731], [71907.3, 2.2031444880420232], [71907.4, 1.5996857852961563], [71908.1, 0.0], [71908.4, 0.020808920784340244], [71908.6, 0.0], [71908.7, 0.0], [71909.7, 0.0], [71909.9, 1.573674634315731], [71917.6, 24.827643610815954], [71917.7, 15.034445266685827], [71917.8, 0.04942118686280808], [71918.0, 1.3005575490212653], [71918.1, 0.13005575490212654], [71919.0, 0.0], [71919.1, 1.3031586641193078], [71919.8, 0.0], [71925.0, 0.0], [71928.9, 0.0], [71933.7, 0.0026011150980425305], [71935.1, 0.0], [71947.1, 0.0026011150980425305], [71948.1, 0.020808920784340244], [71948.2, 0.020808920784340244], [71948.3, 0.0], [71949.7, 0.0], [71949.8, 0.0], [71962.4, 0.0], [72342.1, 0.007803345294127592]], "bids": [[5000.0, 0.6346720839223775], [35946.0, 0.0], [70993.4, 74.02253346009434], [71441.1, 0.0], [71532.5, 0.018207805686297714], [71761.4, 0.0], [71789.6, 0.593054242353697], [71811.4, 0.020808920784340244], [71811.5, 0.020808920784340244], [71811.6, 0.0], [71811.7, 0.0], [71820.9, 0.0], [71841.4, 0.0], [71848.0, 0.0], [71848.5, 0.0], [71848.6, 0.0], [71848.7, 0.6346720839223775], [71848.9, 0.0], [71849.5, 0.018207805686297714], [71849.7, 1.0404460392170123], [71856.3, 5.202230196085061], [71857.7, 2.2005433729439807], [71859.9, 22.751953762578015], [71860.9, 0.0], [71861.0, 0.020808920784340244], [71861.1, 0.0], [71861.4, 0.0], [71862.7, 0.3719594590200819], [71863.0, 0.0], [71863.3, 1.573674634315731], [71864.4, 0.0], [71864.6, 0.018207805686297714], [71866.2, 0.0], [71868.2, 0.0], [71869.4, 0.0], [71869.7, 0.10404460392170123], [71870.4, 0.018207805686297714], [71870.7, 0.0], [71871.5, 0.0], [71871.7, 0.13265687000016907], [71871.9, 0.26011150980425307], [71874.6, 0.17167359647080702], [71876.6, 0.0], [71877.2, 0.0], [71877.7, 0.0], [71880.1, 0.0], [71880.2, 0.0], [71881.7, 0.0], [71882.6, 0.0026011150980425305], [71882.7, 0.0], [71883.6, 3.3346295556905243], [71883.7, 0.0], [71883.8, 4.947320916476893], [71884.2, 0.0], [71892.0, 2.1069032294144496], [71892.2, 0.0], [71892.5, 0.0], [71892.8, 0.0], [71893.8, 0.0]], "_doc": "1c759169-cdd3-497b-8dcd-48cf325f3bc1"}, {"timestamp": "2024-04-08 22:28:36", "receive_time": 1712611716.779, "asks": [[71890.1, 0.0], [71891.5, 0.0], [71891.6, 0.0], [71896.9, 0.0], [71899.9, 0.0], [71900.9, 0.0], [71901.0, 3.2487927574551207], [71901.9, 4.947320916476893], [71905.9, 0.7803345294127592], [71906.6, 3.4126630086318004], [71908.9, 0.08323568313736097], [71909.7, 0.0026011150980425305], [71917.7, 0.0], [71918.1, 25.124170731992802], [71918.2, 0.005202230196085061], [71918.9, 0.0], [71919.0, 0.0], [72041.0, 0.015606690588255184], [72041.1, 37.45605741181244], [72044.6, 0.0], [72048.2, 0.0], [72144.6, 0.0], [72682.9, 106.36479858915516]], "bids": [[5000.0, 0.632070968824335], [35946.0, 0.0], [70094.7, 18.207805686297714], [70921.5, 84.81456000187279], [71029.3, 28.773535214546474], [71532.5, 0.020808920784340244], [71811.6, 0.020808920784340244], [71811.7, 0.020808920784340244], [71812.0, 0.0], [71812.1, 0.0], [71812.2, 0.0], [71812.3, 0.0], [71859.7, 0.0], [71859.9, 22.98085189120576], [71860.9, 0.018207805686297714], [71864.2, 1.3031586641193078], [71868.2, 0.0], [71870.4, 0.018207805686297714], [71871.3, 0.0], [71871.5, 0.26011150980425307], [71874.1, 0.0], [71874.2, 0.0], [71875.5, 1.3057597792173503], [71876.6, 0.0], [71876.7, 0.0], [71877.2, 0.0], [71877.7, 0.0], [71882.6, 4.947320916476893], [71883.3, 0.0], [71883.4, 0.0], [71892.0, 1.7219381949041552], [71892.2, 0.0], [71892.5, 0.0], [71892.8, 0.0], [71893.8, 0.0]], "_doc": "4ef1c155-ff83-4fc9-955e-4ece2582bd98"}, {"timestamp": "2024-04-08 22:28:36", "receive_time": 1712611716.279, "asks": [[71890.1, 0.0], [71891.3, 0.0], [71891.5, 0.0], [71891.6, 0.0], [71892.1, 16.202345945706924], [71892.3, 0.7829356445108018], [71892.9, 0.7803345294127592], [71893.3, 0.07803345294127592], [71893.4, 0.0], [71895.7, 0.08063456803931845], [71896.7, 0.17687582666689208], [71896.8, 0.26011150980425307], [71896.9, 0.005202230196085061], [71899.2, 0.0026011150980425305], [71899.3, 0.44739179686331526], [71899.5, 0.09103902843148858], [71899.9, 2.975675672160655], [71900.3, 0.010404460392170122], [71900.4, 0.0], [71900.9, 4.947320916476893], [71901.0, 0.26011150980425307], [71901.4, 0.018207805686297714], [71901.7, 0.0], [71901.8, 0.0], [71901.9, 0.0], [71902.3, 0.4421895666672302], [71902.8, 0.0], [71902.9, 0.49681298372612337], [71903.9, 0.0], [71904.6, 1.573674634315731], [71905.4, 0.0], [71905.8, 0.7803345294127592], [71905.9, 0.7855367596088443], [71906.0, 0.9051880541188007], [71906.3, 0.0], [71906.4, 3.0719169307882286], [71906.5, 1.5996857852961563], [71907.0, 0.018207805686297714], [71907.3, 0.0], [71907.4, 0.04421895666672302], [71907.7, 0.0], [71908.1, 2.2031444880420232], [71908.4, 0.0026011150980425305], [71908.6, 1.573674634315731], [71908.7, 1.573674634315731], [71908.8, 0.0], [71908.9, 2.0860943086301096], [71909.6, 0.0], [71909.9, 0.0], [71910.1, 0.05462341705889314], [71911.6, 0.0], [71911.7, 0.0], [71913.6, 0.028612266078467837], [71913.8, 5.217836886673316], [71914.6, 0.21329143803948752], [71915.8, 0.0], [71916.6, 0.015606690588255184], [71918.2, 25.00972166767893], [71918.7, 0.0], [71918.8, 0.0], [71918.9, 0.0026011150980425305], [71919.0, 0.0], [71919.7, 0.0], [71919.8, 0.0], [71922.7, 0.0], [71925.0, 0.0], [71926.9, 0.005202230196085061], [71927.6, 0.0], [71928.9, 0.0026011150980425305], [71929.2, 0.0], [71929.5, 0.0], [71930.2, 0.0], [71930.3, 0.0], [71935.1, 0.0026011150980425305], [71936.6, 0.0], [71940.6, 0.0026011150980425305], [71946.1, 0.028612266078467837], [71946.9, 0.0], [71949.6, 0.39276837980442214], [71953.2, 0.10924683411778628], [71962.4, 0.0026011150980425305], [71973.3, 0.0026011150980425305], [71988.3, 0.0], [72021.6, 0.0], [72324.0, 0.41357730058876235], [72357.3, 0.0], [72488.4, 25.475321270228545], [72508.7, 0.4083750703926773], [72552.0, 0.0026011150980425305], [72606.5, 0.028612266078467837], [72606.8, 0.0], [72607.8, 0.0], [72771.9, 0.0], [72826.7, 59.01670045948698]], "bids": [[5000.0, 0.632070968824335], [35946.0, 0.0], [70957.4, 51.42924771849692], [71101.2, 98.50943099306672], [71532.5, 0.020808920784340244], [71610.4, 3.1707593045138447], [71612.7, 0.0], [71729.3, 3.1551526139255897], [71732.5, 0.0], [71740.8, 0.0026011150980425305], [71745.0, 1.539860138041178], [71761.4, 0.6528798896086752], [71778.5, 3.1213381176510366], [71780.6, 2.811805420983976], [71787.6, 1.2719452829427975], [71787.8, 0.0], [71787.9, 0.0], [71795.9, 0.0], [71806.5, 0.0], [71812.2, 0.020808920784340244], [71812.3, 0.020808920784340244], [71812.4, 0.0], [71812.5, 0.0], [71812.6, 0.3641561137259543], [71812.7, 0.23149924372578523], [71812.8, 0.0026011150980425305], [71812.9, 0.0], [71813.0, 0.0], [71813.1, 5.194426850790934], [71820.9, 0.593054242353697], [71823.7, 1.8728028705906221], [71829.0, 0.0026011150980425305], [71831.0, 0.0], [71831.2, 0.0], [71836.3, 2.0964987690222796], [71837.3, 0.37456057411812443], [71841.3, 2.804002075689848], [71841.4, 0.0026011150980425305], [71843.9, 0.0], [71846.9, 2.671345205689679], [71847.4, 0.0], [71852.5, 1.26414193764867], [71852.6, 0.0], [71854.3, 0.0], [71856.1, 1.3031586641193078], [71856.2, 0.2705159701964232], [71857.5, 0.0], [71857.7, 2.2005433729439807], [71859.1, 0.0], [71859.7, 23.15772771787265], [71860.9, 0.018207805686297714], [71861.1, 0.0026011150980425305], [71862.3, 0.0], [71863.2, 0.26791485509838064], [71863.3, 0.0], [71863.6, 0.0], [71863.7, 0.005202230196085061], [71864.3, 1.573674634315731], [71864.4, 1.573674634315731], [71864.5, 1.573674634315731], [71864.6, 0.018207805686297714], [71866.2, 0.0], [71867.1, 0.018207805686297714], [71867.9, 0.0], [71868.0, 0.0026011150980425305], [71868.2, 0.018207805686297714], [71868.3, 0.0], [71868.4, 0.0], [71869.4, 0.0], [71869.9, 0.0], [71870.3, 0.15866802098059438], [71870.4, 0.0], [71871.3, 0.26011150980425307], [71871.9, 0.0], [71872.3, 0.0], [71872.7, 0.6190653933341222], [71873.3, 7.59525608628419], [71873.8, 4.575361457456811], [71874.2, 0.0026011150980425305], [71874.3, 0.0], [71874.6, 0.17167359647080702], [71875.4, 1.7089326194139427], [71876.2, 0.0], [71876.3, 0.0], [71876.5, 0.26011150980425307], [71876.9, 0.0], [71879.2, 0.018207805686297714], [71879.9, 0.04421895666672302], [71880.1, 0.0], [71880.2, 0.0], [71880.9, 0.0], [71881.0, 0.0], [71881.7, 0.0], [71882.4, 0.0], [71882.6, 0.0026011150980425305], [71883.4, 4.9447198013788505], [71884.2, 0.0], [71884.3, 0.0], [71885.4, 0.0], [71885.5, 0.0], [71886.5, 0.0], [71887.3, 0.3641561137259543], [71892.0, 1.6829214684335174], [71892.2, 0.0], [71892.5, 0.0], [71892.8, 0.0], [71893.2, 0.0], [71893.3, 0.0], [71893.8, 0.0]], "_doc": "637dbdf7-7a4c-45ec-a741-9fd11fea183a"}, {"timestamp": "2024-04-08 22:28:35", "receive_time": 1712611715.777, "asks": [[71890.1, 0.0], [71891.3, 0.0], [71891.5, 0.0], [71891.6, 0.0], [71892.1, 12.927542037271378], [71906.3, 0.0], [71907.0, 0.0], [71907.3, 0.0026011150980425305], [71915.7, 0.35635276843182667], [71917.9, 0.0], [71918.7, 0.0], [71919.0, 0.0], [71919.7, 25.00451943748285], [71919.9, 0.023410035882382777], [71920.7, 0.0], [71920.8, 0.0026011150980425305], [71928.9, 0.0], [71930.2, 0.0026011150980425305], [71933.7, 0.0], [71949.7, 0.020808920784340244], [71949.8, 0.020808920784340244], [71950.2, 0.0], [71950.3, 0.0], [72024.9, 0.13785910019625414], [72611.0, 10.500701650797696], [72718.9, 58.65514546085907]], "bids": [[5000.0, 0.632070968824335], [35946.0, 0.0], [71029.3, 31.725800850824747], [71101.2, 91.12226411462593], [71173.1, 10.16515780315021], [71532.5, 0.020808920784340244], [71740.8, 0.0], [71812.2, 0.0], [71812.3, 0.0], [71812.7, 0.0], [71813.0, 0.020808920784340244], [71813.1, 5.215235771575274], [71860.9, 2.2031444880420232], [71863.2, 0.2705159701964232], [71863.7, 0.005202230196085061], [71868.2, 1.573674634315731], [71869.9, 0.0], [71892.0, 1.9664430141201532]], "_doc": "392f4494-89d5-4a22-ad4e-95109f0a27dc"}, {"timestamp": "2024-04-08 22:28:35", "receive_time": 1712611715.273, "asks": [[71890.1, 0.0], [71891.5, 0.0], [71891.6, 0.0], [71892.1, 12.901530886290953], [71893.3, 0.7803345294127592], [71901.0, 0.9650137013737788], [71902.2, 0.0], [71903.9, 4.947320916476893], [71905.4, 0.0], [71908.7, 0.0], [71908.8, 2.2031444880420232], [71909.6, 1.573674634315731], [71909.7, 0.0], [71909.8, 0.0026011150980425305], [71909.9, 0.018207805686297714], [71911.2, 0.0], [71911.6, 1.573674634315731], [71911.7, 1.573674634315731], [71911.8, 0.0], [71913.5, 0.0], [71913.6, 0.028612266078467837], [71920.8, 1.578876864511816], [71949.3, 0.0], [71949.4, 0.0], [71949.5, 1.3031586641193078], [71949.6, 0.31993715705923126], [71950.2, 0.020808920784340244], [71950.3, 0.020808920784340244], [72607.8, 0.018207805686297714], [72608.5, 0.0], [72682.9, 100.13252681424525], [72754.8, 50.0766678675148], [73689.4, 14.358155341194768]], "bids": [[5000.0, 0.6294698537262924], [35946.0, 0.0], [71029.3, 28.960815501605538], [71173.1, 7.392369108636872], [71532.5, 0.020808920784340244], [71740.8, 0.0], [71795.9, 3.1213381176510366], [71812.2, 0.020808920784340244], [71812.3, 0.020808920784340244], [71812.5, 0.0], [71812.6, 0.3641561137259543], [71812.7, 0.23410035882382776], [71812.8, 0.0026011150980425305], [71855.7, 0.0], [71857.7, 0.0], [71859.1, 0.0], [71860.9, 0.0026011150980425305], [71863.1, 0.0], [71863.2, 0.2705159701964232], [71863.3, 23.15772771787265], [71863.6, 0.587852012157612], [71863.7, 2.205745603140066], [71864.3, 3.147349268631462], [71868.2, 0.0], [71868.3, 0.018207805686297714], [71869.9, 1.573674634315731], [71871.1, 0.013005575490212654], [71871.3, 0.018207805686297714], [71871.8, 0.0], [71872.7, 0.63727319902042], [71872.8, 0.0026011150980425305], [71873.1, 0.0026011150980425305], [71873.3, 0.11965129450995642], [71873.5, 0.0], [71874.1, 0.0], [71874.2, 0.19768474745123232], [71883.4, 0.018207805686297714], [71884.2, 0.0], [71885.5, 4.9447198013788505], [71886.5, 0.0], [71887.5, 0.0], [71892.0, 1.9690441292181957], [71892.5, 0.0], [71893.2, 0.0], [71893.3, 0.0], [71893.8, 0.0]], "_doc": "c737c568-3887-4482-9914-7e72dd048358"}, {"timestamp": "2024-04-08 22:28:34", "receive_time": 1712611714.769, "asks": [[71890.1, 0.0], [71891.5, 0.0], [71891.6, 0.0], [71903.9, 0.0], [71905.4, 4.947320916476893], [71906.3, 0.0026011150980425305], [71908.7, 0.0], [71908.8, 0.0], [71909.8, 2.205745603140066], [71911.8, 1.573674634315731], [71911.9, 0.0], [71913.6, 1.6022869003941989], [71915.4, 0.0], [71916.8, 0.0026011150980425305], [71919.1, 1.8884095611788771], [71919.7, 24.861458107090506], [71949.3, 0.020808920784340244], [71949.5, 1.3031586641193078], [72128.3, 0.0], [72682.9, 85.89402276756044], [72732.7, 1.0456482694130973], [72754.8, 42.51782739260321]], "bids": [[5000.0, 0.6346720839223775], [35946.0, 0.0], [70042.4, 0.0], [70921.5, 82.41893299657562], [71532.5, 0.020808920784340244], [71740.8, 0.0026011150980425305], [71841.3, 3.1785626498079727], [71849.3, 0.0], [71861.9, 0.14306133039233918], [71863.2, 0.26791485509838064], [71869.9, 1.573674634315731], [71870.1, 0.0], [71871.3, 0.0], [71872.8, 0.020808920784340244], [71873.0, 0.0], [71873.1, 0.2627126249022956], [71874.1, 0.018207805686297714], [71876.0, 0.16907248137276448], [71884.2, 0.0], [71886.5, 4.9447198013788505], [71887.4, 0.028612266078467837], [71892.0, 2.1017009992183646], [71892.5, 0.0], [71893.2, 0.0], [71893.3, 0.0], [71893.8, 0.0]], "_doc": "0adcc0f6-8d1f-4e25-9be0-7c0a1eb8dda7"}, {"timestamp": "2024-04-08 22:28:34", "receive_time": 1712611714.263, "asks": [[71885.2, 0.0], [71885.3, 0.0], [71885.4, 0.0], [71885.5, 0.0], [71886.3, 0.0], [71886.4, 0.0], [71886.5, 0.0], [71886.6, 0.0], [71886.7, 0.0], [71887.0, 0.0], [71887.1, 0.0], [71887.2, 0.0], [71887.3, 0.0], [71887.4, 0.0], [71887.5, 0.0], [71887.6, 0.0], [71887.7, 0.0], [71887.8, 0.0], [71887.9, 0.0], [71888.1, 0.0], [71888.2, 0.0], [71888.3, 0.0], [71888.4, 0.0], [71888.5, 0.0], [71888.6, 0.0], [71889.7, 0.0], [71890.1, 0.0], [71890.2, 0.0], [71890.8, 0.0], [71891.3, 0.0], [71891.4, 0.0], [71891.5, 0.0], [71891.6, 0.0], [71892.0, 0.0], [71892.1, 13.048024847434878], [71893.3, 0.8584226873312419], [71897.9, 0.005202561741401466], [71903.1, 0.4422177480191246], [71903.9, 4.9476362160727945], [71905.4, 0.0], [71906.3, 0.002601280870700733], [71906.4, 3.852496969507786], [71908.4, 0.020810246965605864], [71908.6, 0.0], [71908.7, 1.5737749267739436], [71909.4, 0.0], [71909.8, 0.002601280870700733], [71909.9, 1.5919838928688488], [71911.0, 0.0], [71911.9, 1.5737749267739436], [71914.9, 0.0], [71915.5, 0.04942433654331393], [71918.7, 14.933953478692908], [71918.8, 0.0], [71918.9, 0.0], [71919.1, 26.774984002122647], [71919.7, 0.0], [71921.5, 0.8922393386503514], [71924.7, 0.0], [71928.9, 0.002601280870700733], [71932.3, 0.0], [71933.7, 0.0], [71949.4, 0.020810246965605864], [71949.5, 1.3240519631866732], [71952.0, 0.07283586437962053], [71952.1, 0.0], [71994.0, 0.0], [72826.7, 52.777387585647176]], "bids": [[5000.0, 0.6347125324509789], [35946.0, 0.0], [71532.5, 0.018208966094905132], [71740.8, 0.002601280870700733], [71811.9, 0.0], [71812.0, 0.0], [71812.7, 0.25492552532867185], [71812.8, 0.0234115278363066], [71855.7, 0.0], [71859.1, 0.0], [71859.3, 0.0], [71863.1, 23.38551502759959], [71863.2, 0.2679319296821755], [71864.3, 1.5737749267739436], [71864.6, 0.018208966094905132], [71864.7, 0.0], [71868.0, 0.002601280870700733], [71868.2, 1.5737749267739436], [71868.3, 0.018208966094905132], [71872.8, 0.002601280870700733], [71872.9, 0.2263114357509638], [71873.0, 0.2783370531649784], [71874.1, 0.018208966094905132], [71874.2, 0.002601280870700733], [71874.6, 0.0], [71876.5, 0.0], [71876.9, 0.0], [71877.1, 0.1092537965694308], [71883.5, 0.0], [71884.2, 0.0], [71885.2, 0.0], [71886.5, 0.0], [71887.4, 4.973649024779802], [71887.5, 0.0], [71892.0, 1.7168453746624839], [71892.5, 0.0], [71893.2, 0.0], [71893.3, 0.0], [71893.8, 0.0]], "_doc": "d19d203a-a681-4a88-b547-ef74034e5836"}, {"timestamp": "2024-04-08 22:28:33", "receive_time": 1712611713.756, "asks": [[71890.1, 0.0], [71891.5, 0.0], [71891.6, 0.0], [71892.1, 13.075805597859802], [71907.0, 0.0], [71907.4, 0.026011150980425307], [71908.3, 0.031213381176510367], [71909.8, 1.5762757494137736], [71910.2, 0.0], [71917.7, 0.0], [71918.1, 0.13005575490212654], [71918.2, 0.005202230196085061], [71918.8, 24.88486814297289], [71918.9, 0.0026011150980425305], [71919.0, 0.0], [71919.7, 0.0], [71925.7, 0.005202230196085061], [71926.7, 0.0], [71927.0, 0.0026011150980425305], [71933.7, 0.0026011150980425305], [71935.0, 0.0], [71935.7, 0.0], [71936.6, 0.0], [72139.3, 1.1705017941191387], [72179.2, 0.0], [72682.9, 92.12629454247035], [72718.9, 56.766735899680185]], "bids": [[5000.0, 0.6346720839223775], [5000.1, 0.0], [35946.0, 0.0], [35946.1, 0.0], [71029.4, 0.0], [71065.2, 57.424818019484945], [71065.3, 0.0], [71397.4, 0.0], [71398.4, 0.9181936296090133], [71465.8, 0.0], [71466.2, 0.6554810047067178], [71532.5, 0.020808920784340244], [71732.6, 0.0], [71768.3, 0.0], [71811.9, 0.020808920784340244], [71812.0, 0.020808920784340244], [71812.1, 0.0], [71812.2, 0.0], [71812.3, 0.0], [71812.4, 0.0], [71871.3, 0.0], [71872.4, 0.35635276843182667], [71872.5, 2.7623842341211677], [71872.8, 0.13265687000016907], [71874.7, 0.0], [71876.9, 0.0026011150980425305], [71877.1, 0.0], [71885.2, 0.8947835937266305], [71892.0, 1.745348230786538], [71892.5, 0.0], [71893.2, 0.0], [71893.3, 0.0], [71893.8, 0.0]], "_doc": "0e4bff1f-ecd6-4477-a94d-db7e5b96e7a9"}, {"timestamp": "2024-04-08 22:28:33", "receive_time": 1712611713.253, "asks": [[71890.1, 0.0], [71891.5, 0.0], [71891.6, 0.0], [71892.1, 13.044592216683291], [71894.1, 0.07803345294127592], [71899.3, 0.41097618549071985], [71901.0, 0.9650137013737788], [71901.5, 0.05462341705889314], [71902.3, 0.4603973723535279], [71903.1, 5.389510483144123], [71903.9, 0.0], [71905.4, 0.0], [71907.0, 0.0026011150980425305], [71907.3, 0.0], [71907.4, 1.5996857852961563], [71908.8, 2.2031444880420232], [71908.9, 2.0028586254927485], [71909.9, 1.5918824400020288], [71911.0, 1.573674634315731], [71911.1, 0.0], [71911.2, 0.0], [71911.3, 0.026011150980425307], [71911.4, 0.0], [71913.5, 0.0], [71913.6, 0.028612266078467837], [71913.7, 0.1014434888236587], [71915.9, 0.020808920784340244], [71916.5, 0.0], [71917.7, 0.0], [71918.8, 24.91348040905136], [71918.9, 0.0], [71919.0, 0.0], [71925.0, 0.0], [71926.7, 0.0026011150980425305], [71927.5, 0.0], [71932.8, 0.0], [72608.5, 0.018207805686297714], [72609.1, 0.0], [72733.7, 1.9612407839240682], [73640.7, 0.0]], "bids": [[5000.0, 0.632070968824335], [5000.1, 0.0026011150980425305], [35946.0, 0.005202230196085061], [71065.2, 55.580627414972795], [71532.5, 0.020808920784340244], [71740.8, 0.0026011150980425305], [71812.3, 0.020808920784340244], [71812.4, 0.020808920784340244], [71812.5, 0.0], [71812.6, 0.3641561137259543], [71812.7, 0.23410035882382776], [71812.8, 0.0026011150980425305], [71857.7, 0.0], [71859.1, 0.0], [71859.2, 0.0], [71859.3, 23.555698327873156], [71863.2, 0.26791485509838064], [71863.3, 2.2005433729439807], [71864.5, 0.0], [71864.6, 1.5918824400020288], [71864.7, 1.573674634315731], [71866.0, 0.0], [71868.2, 0.0], [71868.3, 0.018207805686297714], [71869.9, 0.0], [71870.0, 0.0], [71870.1, 1.573674634315731], [71871.1, 0.013005575490212654], [71872.2, 0.0026011150980425305], [71872.4, 0.6164642782360797], [71873.0, 0.018207805686297714], [71874.1, 0.0], [71874.6, 0.018207805686297714], [71875.6, 0.015606690588255184], [71876.5, 0.0], [71877.7, 0.0], [71877.8, 0.0], [71882.6, 0.0026011150980425305], [71884.2, 0.0], [71886.5, 4.9447198013788505], [71887.5, 0.0], [71887.8, 0.0], [71888.1, 0.0], [71891.5, 0.2028869776473174], [71892.0, 1.745348230786538], [71892.5, 0.0], [71893.2, 0.0], [71893.3, 0.0], [71893.8, 0.0]], "_doc": "0ea7a6df-e8f0-450b-8588-7433bcd4d892"}, {"timestamp": "2024-04-08 22:28:32", "receive_time": 1712611712.751, "asks": [[71890.1, 0.0], [71891.5, 0.0], [71892.0, 0.0], [71892.1, 13.023783295898951], [71892.2, 0.005202230196085061], [71893.0, 0.0026011150980425305], [71893.2, 0.0], [71894.8, 6.601630118831943], [71895.4, 0.07803345294127592], [71896.9, 0.11705017941191388], [71897.7, 0.0], [71898.6, 0.07803345294127592], [71898.8, 0.0], [71898.9, 0.0], [71899.3, 0.4005717250985497], [71899.4, 0.0], [71901.0, 0.9650137013737788], [71901.4, 0.0], [71902.8, 0.0], [71904.1, 0.26011150980425307], [71904.6, 0.0], [71905.4, 4.947320916476893], [71905.9, 0.0], [71907.0, 0.0], [71909.4, 0.018207805686297714], [71909.9, 0.0], [71910.2, 0.0], [71911.1, 1.573674634315731], [71911.9, 0.0], [71913.5, 0.018207805686297714], [71913.6, 1.6022869003941989], [71916.5, 0.0026011150980425305], [71917.8, 0.04942118686280808], [71918.1, 0.13005575490212654], [71918.2, 0.005202230196085061], [71918.9, 0.0], [71919.0, 24.91348040905136], [71920.8, 0.0026011150980425305], [71921.5, 0.0], [71926.9, 5.223039116869401], [71939.1, 0.0], [71951.4, 0.0], [71951.5, 0.0026011150980425305], [71952.0, 0.09364014352953111], [71952.1, 0.020808920784340244], [72009.7, 1.5606690588255183], [72009.8, 2.6011150980425306], [72017.5, 0.0], [72754.8, 50.0766678675148], [72771.3, 0.0], [72826.7, 59.01670045948698]], "bids": [[5000.0, 0.632070968824335], [35946.0, 0.005202230196085061], [71029.3, 31.725800850824747], [71065.2, 57.424818019484945], [71532.5, 0.020808920784340244], [71740.8, 0.0], [71795.9, 3.7612124317694993], [71812.7, 0.254909279608168], [71812.8, 0.023410035882382777], [71814.4, 0.0], [71814.5, 0.0], [71814.6, 0.0], [71814.7, 0.0], [71815.4, 0.0], [71815.5, 0.0], [71831.2, 0.5956553574517395], [71837.6, 0.0], [71854.4, 0.0], [71856.9, 0.0], [71857.3, 0.0], [71859.1, 23.555698327873156], [71862.7, 0.0026011150980425305], [71863.2, 0.2705159701964232], [71864.6, 0.018207805686297714], [71864.7, 0.0], [71866.0, 0.0026011150980425305], [71866.6, 0.0026011150980425305], [71868.3, 0.018207805686297714], [71869.9, 1.573674634315731], [71870.0, 0.26011150980425307], [71871.1, 0.013005575490212654], [71871.3, 0.0], [71872.1, 0.0026011150980425305], [71872.8, 0.0026011150980425305], [71873.0, 1.573674634315731], [71873.7, 0.028612266078467837], [71874.1, 0.0], [71875.6, 0.015606690588255184], [71875.8, 0.0], [71876.2, 0.0], [71876.5, 0.03641561137259543], [71877.1, 0.0], [71877.6, 3.1447481535334196], [71877.7, 0.10924683411778628], [71878.5, 0.808946795491227], [71878.8, 0.0], [71880.5, 0.0], [71881.0, 0.018207805686297714], [71881.7, 0.0], [71882.4, 0.16647136627472195], [71882.5, 0.11965129450995642], [71882.6, 0.023410035882382777], [71883.4, 0.018207805686297714], [71884.2, 0.0], [71884.8, 0.0], [71885.2, 0.0], [71886.5, 0.0], [71887.2, 0.0], [71887.3, 0.3641561137259543], [71888.1, 4.9447198013788505], [71888.3, 0.0], [71888.4, 0.0], [71891.9, 0.0], [71892.0, 1.7661571515708783]], "_doc": "7162162d-a843-4390-a81e-a93030c56654"}, {"timestamp": "2024-04-08 22:28:32", "receive_time": 1712611712.244, "asks": [[71890.1, 0.0], [71891.5, 0.0], [71892.0, 0.0], [71911.1, 0.018207805686297714], [71911.3, 1.5996857852961563], [71911.9, 0.0], [71913.5, 0.018207805686297714], [71951.3, 0.0], [71951.4, 0.020808920784340244], [71951.5, 0.023410035882382777], [71952.2, 0.013005575490212654], [71952.3, 0.0], [72287.5, 0.0], [72790.8, 78.5458726155903], [72826.7, 56.18148500262062], [73258.1, 16.876034756099937]], "bids": [[5000.0, 0.6346720839223775], [35946.0, 0.005202230196085061], [71029.3, 24.346437317678088], [71065.2, 55.580627414972795], [71316.9, 0.062426762353020734], [71532.5, 0.020808920784340244], [71740.8, 0.0026011150980425305], [71814.6, 0.020808920784340244], [71814.8, 0.0026011150980425305], [71854.4, 0.0], [71859.1, 0.0], [71862.7, 23.542692752382944], [71862.8, 0.0026011150980425305], [71863.2, 0.26791485509838064], [71864.6, 0.0], [71868.2, 1.6152924758844116], [71869.4, 0.0], [71869.5, 0.0], [71871.1, 1.5866802098059436], [71871.3, 0.0], [71873.7, 1.6022869003941989], [71874.6, 0.0], [71876.5, 0.018207805686297714], [71892.0, 2.088695423728152]], "_doc": "19f6f280-d00f-4e70-918e-621bd1d1796c"}, {"timestamp": "2024-04-08 22:28:31", "receive_time": 1712611711.735, "asks": [[71890.1, 0.0], [71891.5, 0.0], [71892.0, 0.0], [71892.1, 13.265687000016905], [71909.8, 0.0026011150980425305], [71911.9, 1.573674634315731], [71920.8, 14.886181706097403], [71921.5, 24.786025769247274], [71921.7, 0.0], [71922.3, 0.0], [71934.4, 1.3083608943153928], [71947.1, 0.5956553574517395], [72790.8, 75.14361406735067], [73213.3, 0.0]], "bids": [[5000.0, 0.6346720839223775], [35946.0, 0.0], [35946.1, 0.0], [70885.5, 31.296616859647727], [71065.2, 53.73643681046064], [71532.5, 0.020808920784340244], [71638.8, 52.02230196085061], [71642.8, 0.0], [71740.8, 0.0026011150980425305], [71802.4, 0.0], [71814.6, 0.020808920784340244], [71814.7, 0.020808920784340244], [71814.9, 0.005202230196085061], [71815.0, 0.24970704941208294], [71815.2, 0.0], [71815.3, 0.0], [71815.4, 0.0], [71815.5, 0.0], [71862.5, 0.0], [71862.7, 23.529687176892732], [71863.2, 0.26791485509838064], [71864.6, 1.573674634315731], [71864.7, 0.018207805686297714], [71866.6, 0.6086609329419521], [71868.2, 0.04161784156868049], [71874.1, 0.0], [71885.2, 1.1705017941191387], [71892.0, 2.083493193532067]], "_doc": "e986cc0d-5d06-45f0-84f2-60ffeaf120ec"}, {"timestamp": "2024-04-08 22:28:31", "receive_time": 1712611711.226, "asks": [[71894.5, 1.1678338502753773], [71905.9, 4.947037824551821], [71906.5, 1.5631807216380886], [71907.3, 0.0], [71909.8, 1.5761855529329145], [71909.9, 1.5735845866739493], [71910.9, 0.0], [71911.0, 0.0], [71911.1, 0.0], [71911.2, 2.203018421343529], [71911.9, 0.0], [71913.5, 0.03641352762551288], [71952.2, 0.03381256136654767], [71952.3, 0.020807730071721646], [71952.5, 0.0], [71952.6, 0.007802898776895616], [72862.6, 84.6718555943533], [81597.5, 16.955699042194176]], "bids": [[5000.0, 0.6320348009285449], [35946.0, 0.0], [70885.5, 28.53520082710727], [71065.2, 55.57744702156851], [71532.5, 0.020807730071721646], [71740.8, 0.0026009662589652057], [71815.4, 0.020807730071721646], [71815.5, 0.020807730071721646], [71815.6, 0.40575073639857206], [71815.7, 0.0], [71854.4, 0.0], [71857.8, 0.0], [71862.5, 23.525739812340284], [71862.6, 0.0026009662589652057], [71863.2, 0.26789952467341616], [71864.6, 0.01820676381275644], [71868.2, 1.6152000468173926], [71869.4, 1.5735845866739493], [71870.0, 0.0], [71870.4, 0.0], [71871.3, 1.5735845866739493], [71871.8, 0.0], [71873.0, 0.0], [71873.7, 0.028610628848617262], [71874.1, 0.0], [71874.6, 0.01820676381275644], [71876.5, 0.0], [71877.1, 0.01820676381275644], [71877.7, 0.0]], "_doc": "0ed2873d-ea8f-48d1-9169-f8c3e325b455"}, {"timestamp": "2024-04-08 22:28:30", "receive_time": 1712611710.72, "asks": [[71890.1, 0.0], [71891.5, 0.0], [71892.0, 0.0], [71897.7, 0.1612691360786369], [71898.5, 0.0], [71905.4, 0.0], [71905.9, 0.0], [71906.3, 0.0], [71906.5, 2.7753898096113803], [71907.3, 4.947320916476893], [71910.9, 0.0], [71913.5, 0.03641561137259543], [72679.9, 0.0], [72718.9, 58.65514546085907], [72944.4, 0.0026011150980425305], [72957.9, 5.004545448633829]], "bids": [[5000.0, 0.632070968824335], [35946.0, 0.0], [70788.4, 0.0], [70801.5, 9.712563776090809], [71065.2, 55.580627414972795], [71346.6, 0.0], [71532.5, 0.018207805686297714], [71815.4, 0.020808920784340244], [71815.6, 0.4057739552946348], [71862.1, 0.0], [71862.5, 23.524484946696646], [71864.6, 0.018207805686297714], [71864.7, 0.0], [71874.1, 0.0], [71885.2, 1.1705017941191387]], "_doc": "bfc61e1c-dbb7-4093-b411-e563b16b91b8"}, {"timestamp": "2024-04-08 22:28:30", "receive_time": 1712611710.216, "asks": [[71890.1, 0.0], [71891.5, 0.0], [71892.0, 0.0], [71907.0, 0.0026011150980425305], [71909.9, 0.0], [71910.2, 0.0], [71910.9, 0.018207805686297714], [71911.0, 1.573674634315731], [71911.3, 0.026011150980425307], [71911.9, 2.2031444880420232], [71913.2, 0.0], [71913.5, 0.018207805686297714], [71916.3, 0.0], [71921.7, 14.979821849626934], [71952.1, 0.0], [71952.2, 0.013005575490212654], [71952.3, 0.0], [71952.4, 0.0], [71952.5, 0.020808920784340244], [71952.6, 0.028612266078467837], [71952.8, 0.0], [71952.9, 0.0], [72320.8, 40.088385891031486], [72326.1, 0.0], [72518.7, 40.088385891031486], [72524.0, 0.0], [72682.9, 106.36479858915516], [72716.6, 40.088385891031486], [72721.9, 0.0], [72944.4, 3.1785626498079727], [72957.9, 1.828583913923899], [73028.4, 57.81498528419133], [73033.8, 0.0], [81597.5, 12.719452829427976]], "bids": [[5000.0, 0.6346720839223775], [35946.0, 0.0], [70788.4, 3.0823213911803986], [70801.5, 4.856281888045404], [70921.5, 84.81456000187279], [71101.2, 98.50943099306672], [71532.5, 0.018207805686297714], [71740.8, 0.0], [71815.2, 0.0], [71815.3, 0.0], [71815.5, 0.020808920784340244], [71815.6, 0.42658287607897505], [71854.4, 0.0], [71857.8, 0.0], [71862.1, 23.524484946696646], [71862.2, 0.0], [71862.4, 0.0026011150980425305], [71863.1, 0.0], [71863.2, 0.2705159701964232], [71864.4, 0.0], [71864.5, 2.2005433729439807], [71866.2, 0.0], [71868.2, 1.6152924758844116], [71869.4, 0.0], [71869.9, 0.0], [71870.5, 0.0], [71871.8, 1.573674634315731], [71872.9, 0.22629701352970016], [71873.0, 0.0], [71873.7, 0.028612266078467837], [71874.1, 0.0], [71874.6, 0.018207805686297714], [71875.7, 0.0], [71875.8, 0.13005575490212654], [71876.5, 0.0], [71877.1, 0.018207805686297714], [71878.8, 0.0026011150980425305], [71881.0, 0.018207805686297714], [71883.4, 0.0], [71885.2, 1.1705017941191387], [71885.5, 0.0], [71887.4, 0.028612266078467837], [71887.5, 0.0], [71888.1, 0.0], [71888.2, 0.0], [71888.3, 4.9447198013788505], [71888.5, 0.0], [71892.0, 2.283779056081342], [71892.5, 0.0], [71893.2, 0.0], [71893.3, 0.0], [71893.8, 0.0]], "_doc": "2143c878-db08-48be-af69-89146ce9a5e3"}, {"timestamp": "2024-04-08 22:28:29", "receive_time": 1712611709.716, "asks": [[71892.1, 13.241932526228311], [71893.2, 0.005202094883609629], [71908.2, 0.14825970418287443], [71911.0, 2.203087183208678], [71911.8, 0.0], [71913.3, 0.0], [71913.6, 1.6022452241517657], [71916.3, 0.0026010474418048145], [71920.7, 0.0], [71921.5, 0.0], [71922.3, 24.928438682257344], [71925.0, 0.0], [71926.9, 5.2255043105858725], [71928.9, 0.0], [71934.3, 0.0]], "bids": [[5000.0, 0.6346555758003748], [35946.0, 0.0], [70788.4, 7.9383967923882945], [71191.2, 1.9195730120519532], [71532.5, 0.020808379534438516], [71806.5, 0.0], [71815.2, 0.020808379534438516], [71815.3, 0.020808379534438516], [71815.4, 0.0], [71815.5, 0.0], [71837.6, 0.5904377692896929], [71862.0, 0.9779938381186103], [71862.1, 0.0], [71862.2, 23.451043735312208], [71862.3, 0.2705089339477007], [71864.6, 0.0], [71864.7, 0.018207332092633702], [71869.9, 0.0026010474418048145], [71870.0, 1.573633702291913], [71870.4, 0.0], [71870.5, 1.573633702291913], [71872.2, 0.0026010474418048145], [71872.3, 0.10404189767219259], [71872.5, 2.762312383196713], [71872.6, 2.6036484892466194], [71872.7, 0.6190492911495459], [71872.8, 0.0026010474418048145], [71872.9, 0.29131731348213924], [71873.0, 1.573633702291913], [71874.4, 0.0], [71875.4, 1.695882932056739], [71875.6, 0.015606284650828887], [71876.2, 0.0], [71877.1, 0.018207332092633702], [71878.8, 0.0], [71879.8, 0.4681885395248666], [71880.0, 0.1950785581353611], [71880.9, 7.491016632397866], [71881.0, 0.018207332092633702], [71885.2, 0.0], [71887.5, 0.0], [71887.8, 0.0], [71888.5, 4.9445911868709524], [71892.0, 1.9741950083298543], [71892.5, 0.0], [71893.2, 0.0], [71893.3, 0.0], [71893.8, 0.0]], "_doc": "8765a5e7-ece4-44dc-9d18-39ac731c47be"}, {"timestamp": "2024-04-08 22:28:29", "receive_time": 1712611709.212, "asks": [[71890.1, 0.0], [71891.5, 0.0], [71892.0, 0.0], [71892.1, 13.216265813154099], [71893.2, 0.0], [71893.8, 0.0], [71895.7, 0.026011150980425307], [71899.3, 0.03641561137259543], [71903.0, 0.26011150980425307], [71903.1, 0.4421895666672302], [71903.9, 0.0], [71904.3, 0.26011150980425307], [71904.6, 0.26011150980425307], [71905.4, 0.0], [71905.9, 4.947320916476893], [71906.0, 0.12485352470604147], [71906.5, 1.5632701739235608], [71907.0, 0.0], [71908.1, 0.0], [71908.2, 2.351408048630448], [71909.9, 1.573674634315731], [71910.2, 0.018207805686297714], [71911.0, 0.0], [71911.2, 0.0], [71911.9, 0.0], [71913.2, 0.018207805686297714], [71913.5, 0.0], [71913.7, 0.08063456803931845], [71917.7, 0.0], [71919.0, 1.5970846701981138], [71919.8, 0.07543233784323339], [71919.9, 0.023410035882382777], [71921.5, 24.713194546502084], [71921.7, 0.0], [71922.3, 0.0], [71935.2, 0.07543233784323339], [72003.6, 0.0026011150980425305], [72609.1, 0.018207805686297714], [72612.2, 0.0], [72862.6, 79.1883480448068], [73114.3, 13.044592216683291], [73689.4, 9.572103560796513], [81479.8, 4.232014264515198]], "bids": [[5000.0, 0.6346720839223775], [35946.0, 0.0], [71188.3, 0.0], [71532.5, 0.020808920784340244], [71611.1, 0.0], [71612.7, 3.1707593045138447], [71730.4, 0.0], [71732.5, 3.1551526139255897], [71740.8, 0.0026011150980425305], [71780.6, 0.0026011150980425305], [71792.6, 0.0], [71793.3, 0.7907389898049293], [71795.9, 3.1213381176510366], [71847.8, 4.700214982162853], [71848.0, 0.0], [71852.7, 0.0], [71853.7, 0.0], [71854.3, 2.0652853878457695], [71857.8, 0.0], [71860.9, 0.0026011150980425305], [71862.0, 24.42967300081545], [71862.1, 0.2705159701964232], [71863.1, 2.2005433729439807], [71863.2, 0.26791485509838064], [71864.3, 0.0], [71864.5, 0.0], [71864.6, 1.573674634315731], [71868.2, 0.04161784156868049], [71868.3, 0.018207805686297714], [71869.9, 1.5762757494137736], [71870.4, 1.573674634315731], [71871.1, 0.013005575490212654], [71872.1, 0.0026011150980425305], [71872.2, 0.0676289925491058], [71872.3, 0.10404460392170123], [71872.9, 0.22629701352970016], [71873.0, 0.0], [71873.1, 0.0026011150980425305], [71874.1, 0.018207805686297714], [71874.4, 7.4912114823624885], [71875.0, 0.0], [71875.1, 0.0], [71875.4, 4.362070019417324], [71875.6, 0.0338144962745529], [71875.9, 0.5774475517654418], [71876.2, 0.018207805686297714], [71877.1, 0.0], [71878.8, 0.0], [71880.0, 0.21329143803948752], [71880.1, 0.0], [71880.2, 0.0], [71881.7, 0.0], [71881.8, 0.0], [71882.4, 0.2965271211768485], [71882.8, 0.005202230196085061], [71884.8, 3.123939232749079], [71884.9, 0.0], [71885.0, 0.0], [71885.5, 0.0], [71886.5, 0.0], [71887.3, 0.0], [71887.8, 4.9447198013788505], [71888.1, 0.0], [71892.0, 1.8363872592180266], [71892.5, 0.0], [71893.2, 0.0], [71893.3, 0.0], [71893.8, 0.0]], "_doc": "b909773e-ef73-4e37-b91a-639371cd67ba"}, {"timestamp": "2024-04-08 22:28:28", "receive_time": 1712611708.712, "asks": [[71892.1, 13.010439303907683], [71892.4, 0.0], [71893.2, 0.005202094883609629], [71893.8, 0.0], [71902.3, 0.4603853971994522], [71902.8, 0.0], [71905.9, 0.0], [71906.5, 0.0], [71907.0, 4.947192234312757], [71907.5, 0.18467436836814183], [71908.1, 2.9912045580755366], [71909.4, 0.0], [71911.1, 1.573633702291913], [71911.2, 2.203087183208678], [71911.3, 0.026010474418048147], [71911.9, 1.5918410343845466], [71913.3, 1.573633702291913], [71913.4, 0.0026010474418048145], [71913.5, 0.018207332092633702], [71913.8, 0.0], [73065.8, 0.0], [73640.7, 4.780725198037249], [81479.8, 8.463808375632867]], "bids": [[5000.0, 0.6346555758003748], [35946.0, 0.0], [71532.5, 0.020808379534438516], [71868.2, 0.04161675906887703], [71869.9, 1.573633702291913], [71871.3, 0.0], [71873.0, 1.573633702291913], [71874.1, 0.0], [71874.6, 0.0], [71874.9, 0.0], [71875.1, 0.06502618604512037], [71876.2, 0.018207332092633702], [71877.1, 0.018207332092633702], [71892.0, 2.2629112743701887], [71892.1, 0.0], [71892.2, 0.0], [71892.4, 0.0], [71892.5, 0.0]], "_doc": "b6b86381-576c-438b-b4d6-b6b8704fc79e"}, {"timestamp": "2024-04-08 22:28:28", "receive_time": 1712611708.141, "asks": [[71892.1, 13.039050825767536], [71902.3, 0.4421780651068185], [71906.2, 0.0], [71906.3, 0.0], [71906.5, 2.790923905056566], [71907.0, 4.947192234312757], [71907.3, 0.0], [71907.4, 0.026010474418048147], [71908.1, 0.0], [71909.4, 0.0], [71911.2, 0.0], [71911.3, 1.599644176709961], [71911.6, 0.0], [71913.4, 1.5944420818263514], [71913.5, 2.2212945153013117], [71913.7, 0.04421780651068185], [71921.7, 14.854581940147296], [71952.5, 0.0], [71952.6, 0.0078031423254144435], [71952.8, 0.020808379534438516], [71952.9, 0.020808379534438516], [72682.9, 100.13252336715995], [72754.8, 32.49488569046755]], "bids": [[5000.0, 0.6346555758003748], [35946.0, 0.0], [70957.4, 57.51175998574625], [71532.5, 0.020808379534438516], [71815.4, 0.020808379534438516], [71815.6, 0.40576340092155105], [71861.6, 0.0], [71862.0, 24.873816685979442], [71869.9, 1.573633702291913], [71871.3, 0.0], [71871.4, 0.0], [71873.0, 1.573633702291913], [71874.7, 0.0], [71874.8, 0.0], [71874.9, 0.06502618604512037], [71876.2, 0.018207332092633702], [71877.1, 0.018207332092633702], [71877.7, 0.0]], "_doc": "9a0b1d2a-066f-4f26-ae05-20bf9a90fee7"}, {"timestamp": "2024-04-08 22:28:27", "receive_time": 1712611707.623, "asks": [[71892.1, 13.03644977832573], [71906.3, 0.4421780651068185], [71906.5, 2.780519715289347], [71907.3, 4.947192234312757], [71907.4, 0.026010474418048147], [71908.1, 0.0], [71909.4, 0.0], [71911.6, 1.573633702291913], [71913.7, 1.6178515088025947], [71921.5, 0.0], [71922.3, 24.728158029238372], [71922.5, 0.0], [71934.4, 1.922174059493758], [71952.5, 0.020808379534438516], [71952.6, 0.02861152185985296], [71953.0, 0.0026010474418048145], [71953.1, 0.0], [71963.4, 1.5554263701992792], [71994.0, 0.673671287427447], [72342.1, 1.8883604427502954], [72682.9, 103.71936778940879], [72718.9, 58.65361981269857], [72754.8, 29.662345026342106], [72862.6, 84.67449842051393], [73629.8, 3.8261407868948822]], "bids": [[5000.0, 0.6346555758003748], [35946.0, 0.0], [70401.6, 0.0], [70454.2, 9.28053727235958], [71101.2, 104.04709976707619], [71441.1, 1.8571478734486375], [71532.5, 0.020808379534438516], [71802.4, 0.6580650027766181], [71815.3, 0.0], [71815.5, 0.020808379534438516], [71815.6, 0.4265717804559896], [71815.7, 0.0], [71815.8, 0.005202094883609629], [71815.9, 0.40056130603794143], [71816.0, 0.0], [71862.0, 1.5762347497337177], [71892.0, 2.2785175590210174], [71892.5, 0.0], [71893.2, 0.0], [71893.3, 0.0], [71893.8, 0.0]], "_doc": "40afc4bd-411b-49dd-acdc-0720a748031c"}, {"timestamp": "2024-04-08 22:28:27", "receive_time": 1712611707.12, "asks": [[71893.2, 0.0], [71893.8, 0.005202020464748509], [71904.5, 0.09363636836547315], [71905.5, 0.9831818678374681], [71906.1, 0.09363636836547315], [71907.0, 0.0], [71908.1, 0.0], [71908.2, 0.1482575832453325], [71909.4, 4.947121461975832], [71910.1, 0.0], [71911.2, 0.0], [71911.6, 0.0], [71911.7, 0.0], [71911.8, 0.0026010102323742543], [71912.0, 0.12484849115396421], [71912.1, 0.0], [71913.5, 2.2394698100742327], [71913.7, 3.19143955512321], [71914.1, 0.0], [71915.5, 0.049419194415110834], [71916.1, 0.0], [71917.8, 0.049419194415110834], [71918.3, 0.0], [71920.0, 2.6426263960922425], [71920.1, 0.0], [71921.5, 0.0], [71921.7, 0.0], [71922.3, 0.0], [71922.5, 24.772021453132396], [71923.0, 0.010404040929497017], [71924.5, 0.0], [72718.9, 56.76444731133572], [72754.8, 32.49442083305156], [72970.5, 79.03689793115646]], "bids": [[5000.0, 0.634646496699318], [35946.0, 0.0], [70921.5, 82.418211233243], [70993.4, 76.59975134342179], [71532.5, 0.020808081858994035], [71868.2, 0.04161616371798807], [71870.5, 0.0], [71871.3, 1.5736111905864238], [71871.4, 1.5736111905864238], [71873.0, 0.0], [71873.1, 0.046818184182736575], [71874.8, 0.01820707162661978], [71875.6, 0.015606061394245526], [71876.2, 0.01820707162661978], [71877.1, 0.0], [71892.0, 2.273282943095098], [71892.5, 0.0], [71893.2, 0.0], [71893.3, 0.0], [71893.8, 0.0]], "_doc": "efdb9683-6101-450e-b229-ca0304385b91"}, {"timestamp": "2024-04-08 22:28:26", "receive_time": 1712611706.614, "asks": [[71902.9, 0.44211596701814887], [71907.5, 0.18464843328405042], [71921.5, 24.768896881652058], [71921.6, 0.0052013643178605755], [71921.9, 0.0], [71922.4, 0.0052013643178605755], [71922.5, 0.0], [71952.5, 0.0], [71952.6, 0.007802046476790863], [71952.7, 0.0], [71952.8, 0.0], [71952.9, 0.0], [71953.0, 0.023406139430372588], [71953.1, 0.020805457271442302], [72754.8, 29.65557865828207]], "bids": [[5000.0, 0.6293650824611297], [35946.0, 0.0], [70921.5, 79.09194581738791], [70957.4, 51.42068764636964], [71532.5, 0.020805457271442302], [71868.2, 0.041610914542884604], [71870.5, 1.573412706152824], [71874.6, 0.0], [71874.7, 0.06501705397325719], [71892.5, 0.0], [71893.2, 0.0], [71893.3, 0.0], [71893.8, 0.0]], "_doc": "6e316e1d-e1af-4c11-aa2d-1b2c3022c181"}, {"timestamp": "2024-04-08 22:28:26", "receive_time": 1712611706.114, "asks": [[71892.1, 13.010439303907683], [71902.9, 0.0], [71907.5, 0.6268524334749603], [71911.0, 0.0], [71911.6, 0.018207332092633702], [71911.7, 1.573633702291913], [71913.7, 0.04421780651068185], [71921.6, 24.97525753620983], [71921.7, 0.0], [71965.7, 1.8935625376339051], [72754.8, 24.938842872024562]], "bids": [[5000.0, 0.6346555758003748], [35946.0, 0.0], [71101.2, 97.95284561092751], [71532.5, 0.018207332092633702], [71815.3, 0.020808379534438516], [71815.5, 0.020808379534438516], [71815.6, 0.40576340092155105], [71815.7, 0.0], [71860.1, 0.0], [71860.9, 0.0026010474418048145], [71861.4, 0.6346555758003748], [71861.6, 23.071290808808705], [71864.4, 1.3499436222966987], [71871.3, 0.0], [71873.0, 1.573633702291913], [71874.4, 0.0], [71874.6, 0.06502618604512037], [71875.6, 0.03381361674346259], [71876.2, 0.0], [71877.1, 0.018207332092633702], [71885.6, 0.0], [71892.0, 2.145864139488972], [71892.5, 0.0], [71893.2, 0.0], [71893.3, 0.0], [71893.8, 0.0]], "_doc": "11016209-ee58-4cde-ac81-32267481bf52"}, {"timestamp": "2024-04-08 22:28:25", "receive_time": 1712611705.611, "asks": [[71890.1, 0.0], [71891.5, 0.0], [71892.0, 0.0], [71892.1, 13.008176605310696], [71909.9, 0.0], [71911.8, 1.5762757494137736], [71911.9, 0.0], [71913.7, 1.617893590982454], [71921.5, 0.0], [71921.6, 0.005202230196085061], [71921.7, 24.970704941208293], [71922.6, 0.07803345294127592], [71952.5, 0.020808920784340244], [71952.7, 0.0], [72521.9, 1.7609549213747933], [72862.6, 81.74264307108457], [72970.5, 74.30085277558489], [73521.1, 0.0]], "bids": [[5000.0, 0.6346720839223775], [35946.0, 0.0], [70993.4, 76.60283963735253], [71532.5, 0.020808920784340244], [71815.5, 0.0], [71815.6, 0.42658287607897505], [71815.7, 0.020808920784340244], [71815.8, 0.005202230196085061], [71815.9, 0.4005717250985497], [71816.0, 0.0], [71880.0, 0.018207805686297714], [71885.0, 1.1705017941191387], [71885.6, 0.8947835937266305], [71892.0, 2.1459199558850877], [71892.5, 0.0], [71893.2, 0.0], [71893.3, 0.0], [71893.8, 0.0]], "_doc": "5a454a69-0407-4963-8f63-7feee19492e9"}, {"timestamp": "2024-04-08 22:28:25", "receive_time": 1712611705.084, "asks": [[71890.1, 0.0], [71891.5, 0.0], [71892.0, 0.0], [71906.3, 0.4421895666672302], [71906.5, 2.788395385101593], [71907.0, 4.947320916476893], [71909.9, 1.573674634315731], [71911.0, 0.018207805686297714], [71911.1, 0.0], [71911.8, 0.0026011150980425305], [71911.9, 1.573674634315731], [71912.9, 0.0], [71913.2, 0.0], [71913.3, 0.0], [71913.5, 0.018207805686297714], [71913.8, 1.573674634315731], [71920.8, 0.0026011150980425305], [71921.5, 25.178794149051697], [72541.6, 0.0], [72718.9, 58.65514546085907], [72790.8, 78.5458726155903], [72923.3, 0.0]], "bids": [[5000.0, 0.632070968824335], [35946.0, 0.0], [70813.6, 80.14035617069037], [71065.2, 57.424818019484945], [71532.5, 0.020808920784340244], [71862.1, 14.176077284331791], [71864.3, 2.2187511786302787], [71864.9, 0.0], [71866.2, 0.0], [71868.2, 1.6152924758844116], [71869.9, 0.0], [71871.1, 0.013005575490212654], [71871.3, 1.573674634315731], [71872.8, 0.0026011150980425305], [71874.1, 0.0], [71874.6, 0.018207805686297714], [71875.6, 0.015606690588255184], [71878.8, 0.005202230196085061], [71880.0, 0.018207805686297714], [71892.5, 0.0], [71893.2, 0.0], [71893.3, 0.0], [71893.8, 0.0]], "_doc": "f69a87e6-a2bc-4e26-9c9a-99ac31c1fde4"}, {"timestamp": "2024-04-08 22:28:24", "receive_time": 1712611704.534, "asks": [[71890.1, 0.0], [71891.5, 0.0], [71892.0, 0.0], [71893.5, 0.15866802098059438], [71906.3, 5.389510483144123], [71906.5, 1.568472404119646], [71907.3, 0.0], [71907.4, 0.026011150980425307], [71908.1, 0.0], [71909.4, 0.0], [71911.1, 1.573674634315731], [71913.0, 0.0], [71921.5, 25.178794149051697], [71922.0, 2.6115195584347006], [71922.2, 0.0], [71922.4, 0.005202230196085061], [71922.6, 0.07803345294127592], [71922.8, 0.018207805686297714], [71928.9, 0.0026011150980425305], [71935.0, 0.0], [71952.5, 0.0], [71952.7, 0.020808920784340244]], "bids": [[5000.0, 0.632070968824335], [35946.0, 0.0], [71029.3, 31.725800850824747], [71065.2, 55.580627414972795], [71532.5, 0.020808920784340244], [71806.4, 12.513964736682615], [71846.8, 2.603716213140573], [71856.5, 0.0], [71859.2, 0.0], [71859.8, 4.325654408044729], [71861.1, 0.0], [71861.4, 23.60772062983401], [71861.5, 0.7075033066675683], [71864.3, 0.0], [71870.4, 1.5762757494137736], [71871.4, 0.0], [71873.8, 0.0], [71873.9, 0.007803345294127592], [71874.4, 0.06502787745106327], [71876.3, 0.0], [71880.0, 0.21589255313753003], [71885.0, 1.1705017941191387], [71885.6, 0.0]], "_doc": "031a433f-5c0d-4d29-9f12-5f4947e07613"}, {"timestamp": "2024-04-08 22:28:24", "receive_time": 1712611704.018, "asks": [[71890.1, 0.0], [71891.5, 0.0], [71892.0, 0.0], [71892.1, 12.976963224134185], [71892.2, 0.005202230196085061], [71892.3, 0.0026011150980425305], [71892.4, 0.0], [71892.5, 0.052022301960850614], [71892.6, 0.9572103560796513], [71892.7, 0.0], [71893.1, 0.0], [71893.2, 0.005202230196085061], [71893.6, 0.0], [71893.7, 0.0], [71893.8, 0.0], [71895.3, 0.10404460392170123], [71897.9, 0.0], [71902.3, 0.0], [71902.8, 0.018207805686297714], [71902.9, 0.4421895666672302], [71903.0, 0.26011150980425307], [71905.9, 0.0], [71906.2, 0.0], [71906.3, 0.4421895666672302], [71906.4, 3.852251460200988], [71906.5, 2.9678723268665275], [71907.3, 4.947320916476893], [71907.4, 0.026011150980425307], [71908.1, 0.0], [71908.4, 0.0026011150980425305], [71909.4, 0.0], [71910.2, 0.0], [71911.2, 2.2031444880420232], [71911.8, 0.020808920784340244], [71911.9, 1.573674634315731], [71912.9, 0.018207805686297714], [71913.1, 0.0], [71922.7, 0.0], [71922.8, 25.376478896502928], [71922.9, 0.6892955009812706], [71923.0, 0.11444906431387135], [71923.5, 0.0], [71923.8, 0.0], [71923.9, 0.005202230196085061], [71929.6, 0.0], [71935.0, 0.0026011150980425305], [71939.1, 0.0], [71952.1, 0.0], [71952.2, 0.013005575490212654], [71952.3, 0.0], [71952.4, 0.0], [71952.5, 0.020808920784340244], [71952.6, 0.028612266078467837], [72042.1, 0.0], [72044.5, 0.3095326966670611], [72682.9, 106.36479858915516], [72970.5, 68.0451709647926]], "bids": [[5000.0, 0.6346720839223775], [35946.0, 0.0], [71029.3, 28.958214386507493], [71101.2, 104.04980615189731], [71532.5, 0.018207805686297714], [71740.8, 0.0], [71815.4, 0.0], [71815.6, 0.42658287607897505], [71846.8, 2.603716213140573], [71857.3, 0.0], [71857.4, 0.26791485509838064], [71859.8, 4.341261098632984], [71861.1, 23.006863042186183], [71861.6, 0.0], [71862.1, 0.0], [71863.3, 0.0], [71864.3, 0.0], [71864.6, 0.0], [71864.7, 0.0], [71864.8, 0.0], [71864.9, 0.018207805686297714], [71866.2, 2.2005433729439807], [71868.2, 0.04161784156868049], [71870.4, 0.0026011150980425305], [71871.1, 1.5866802098059436], [71871.4, 1.573674634315731], [71871.5, 0.0], [71873.0, 0.0], [71874.1, 1.573674634315731], [71874.6, 0.018207805686297714], [71875.6, 0.015606690588255184], [71876.2, 0.018207805686297714], [71876.3, 0.06502787745106327], [71877.1, 0.0], [71877.4, 0.0], [71878.9, 0.0026011150980425305], [71880.0, 0.018207805686297714], [71880.9, 0.0], [71881.3, 0.0], [71883.0, 0.0], [71885.0, 1.1705017941191387], [71885.6, 0.8947835937266305], [71892.0, 2.1459199558850877], [71892.5, 0.0], [71893.2, 0.0], [71893.3, 0.0], [71893.8, 0.0]], "_doc": "cd8a805f-4af3-49bf-bb58-9c6c9e570557"}, {"timestamp": "2024-04-08 22:28:23", "receive_time": 1712611703.515, "asks": [[71890.1, 0.0], [71891.5, 0.0], [71892.0, 0.0], [71892.1, 12.623211570800402], [71892.5, 0.052022301960850614], [71893.8, 0.07023010764714832], [71893.9, 3.80283027333818], [71894.1, 0.0], [71894.2, 0.0], [71894.4, 0.0], [71894.5, 0.0], [71903.0, 0.018207805686297714], [71903.1, 0.4421895666672302], [71903.3, 0.0], [71905.9, 0.0], [71906.2, 0.4421895666672302], [71906.3, 0.7023010764714833], [71906.5, 2.788395385101593], [71907.0, 0.0], [71907.4, 0.026011150980425307], [71907.5, 0.18467917196101968], [71908.1, 0.0], [71908.4, 4.9499220315749355], [71920.7, 0.0], [71949.6, 0.31993715705923126], [71949.7, 0.0], [71951.9, 0.06502787745106327], [71952.1, 0.020808920784340244], [71952.2, 0.0338144962745529], [71952.3, 0.0], [71952.4, 0.0], [72195.2, 0.0], [72682.9, 106.36479858915516], [72790.8, 72.5893190410729]], "bids": [[5000.0, 0.6346720839223775], [35946.0, 0.0], [70813.6, 74.06935353185911], [70993.4, 76.60283963735253], [71309.2, 0.0], [71532.5, 0.018207805686297714], [71803.6, 0.0], [71815.3, 0.0], [71815.5, 0.020808920784340244], [71846.8, 2.6011150980425306], [71863.1, 0.0], [71864.4, 0.0], [71864.5, 0.0], [71864.7, 22.895015092970354], [71871.5, 0.0], [71874.1, 1.573674634315731], [71877.4, 0.06502787745106327], [71878.0, 0.0], [71878.2, 0.023410035882382777], [71883.0, 0.15866802098059438], [71892.0, 2.8404176870624434], [71892.5, 0.0], [71893.2, 0.0], [71893.3, 0.0], [71893.8, 0.0]], "_doc": "0b3b04ee-8c38-427a-9d33-fe02ba6088f8"}, {"timestamp": "2024-04-08 22:28:22", "receive_time": 1712611702.983, "asks": [[71892.5, 0.11704652599408265], [71892.7, 0.0], [71893.2, 0.0], [71893.8, 0.0052020678219592284], [71905.9, 0.0], [71906.5, 0.0], [71907.0, 0.0], [71907.3, 0.0], [71907.4, 3.006795201092434], [71908.1, 4.947166498683226], [71908.4, 0.0026010339109796142], [71909.4, 0.0], [71911.2, 0.0], [71911.3, 0.026010339109796145], [71911.8, 0.0026010339109796142], [71911.9, 1.5736255161426667], [71912.0, 0.12484962772702149], [71913.0, 1.5736255161426667], [71913.1, 2.239490197353448], [71913.2, 0.0], [71921.7, 0.0], [71922.8, 25.386090971161035], [71923.0, 0.11444549208310303], [71923.8, 0.0]], "bids": [[5000.0, 0.6346522742790259], [35946.0, 0.0], [71532.5, 0.0182072373768573], [71800.0, 0.033813440842734986], [71815.3, 0.020808271287836914], [71815.4, 0.020808271287836914], [71815.5, 0.0], [71815.6, 0.40576129011281986], [71815.7, 0.0], [71815.8, 0.0052020678219592284], [71846.8, 2.603634944890594], [71864.3, 0.0], [71864.5, 13.772474558637057], [71864.6, 2.218681926065611], [71866.2, 0.0], [71871.5, 1.5736255161426667], [71871.8, 0.0], [71873.0, 0.0], [71874.6, 0.0182072373768573], [71876.2, 0.0182072373768573], [71877.1, 0.0], [71885.1, 0.0026010339109796142], [71887.8, 0.0], [71888.1, 4.944565464772247], [71888.5, 0.0]], "_doc": "b1153e6a-f241-4580-9d59-cbeaa6d24f65"}, {"timestamp": "2024-04-08 22:28:22", "receive_time": 1712611702.479, "asks": [[71906.0, 0.12482771175200895], [71906.5, 2.7878188957948664], [71907.3, 4.9462980781733545], [71907.4, 0.02600577328166853], [71908.4, 0.0026005773281668533], [71910.5, 0.0], [71911.9, 2.2026889969573245], [71922.1, 0.3926871765531948], [71922.8, 25.545471094582997], [72790.8, 78.52963357865445], [72826.7, 59.00449899877773]], "bids": [[5000.0, 0.6345408680727121], [35946.0, 0.0], [70957.4, 57.50136530309729], [71532.5, 0.020804618625334826], [71740.7, 37.448313525602686], [71744.7, 0.0], [71864.2, 1.3028892414115933], [71864.4, 22.913686838478142], [71877.4, 0.0], [71878.0, 0.06501443320417133], [71878.9, 0.007801731984500559], [71880.9, 0.0052011546563337065]], "_doc": "d6bce9eb-dfd8-40f8-8079-4404080f02e2"}, {"timestamp": "2024-04-08 22:28:21", "receive_time": 1712611701.966, "asks": [[71892.5, 0.05202067821959229], [71892.7, 0.06502584777449036], [71892.9, 0.0], [71893.1, 0.0], [71893.2, 0.0052020678219592284], [71898.9, 0.26010339109796143], [71899.0, 0.0], [71903.0, 0.46038300224339174], [71905.9, 0.0], [71906.0, 0.12484962772702149], [71906.5, 0.0], [71907.3, 0.0], [71907.4, 3.009396235003414], [71908.1, 0.0], [71908.2, 0.2523002893650226], [71908.4, 4.9497675325942065], [71909.4, 0.0], [71910.0, 1.7036772116916474], [71910.5, 2.2030757225997335], [71911.1, 0.0], [71911.2, 0.0], [71911.3, 0.026010339109796145], [71911.8, 0.020808271287836914], [71911.9, 0.0], [71913.2, 3.165458269662191], [71913.4, 0.0026010339109796142], [71921.5, 0.0], [71921.7, 0.0], [71922.0, 2.6114380466235327], [71922.1, 25.924504990733816], [71922.2, 0.0], [71923.0, 0.11444549208310303], [72970.5, 74.29853366713269]], "bids": [[5000.0, 0.6294502064570667], [35946.0, 0.0], [70957.4, 54.7491627922099], [71532.5, 0.020808271287836914], [71815.0, 0.24969925545404298], [71815.1, 0.0], [71815.7, 0.020808271287836914], [71815.8, 0.026010339109796145], [71857.0, 0.0], [71860.2, 0.0], [71864.2, 24.220827779042168], [71864.4, 0.0], [71869.4, 0.0], [71870.4, 1.5736255161426667], [71871.3, 0.0], [71871.4, 1.5762265500536463], [71871.8, 1.5736255161426667], [71872.0, 0.0], [71873.3, 0.11964755990506226], [71874.6, 0.0182072373768573], [71876.2, 0.0182072373768573], [71877.1, 0.0], [71877.3, 0.0], [71877.4, 0.06502584777449036], [71878.9, 0.007803101732938843], [71880.0, 0.0], [71880.1, 0.0], [71880.9, 0.0052020678219592284], [71882.3, 0.0], [71882.4, 0.42656956140065677], [71885.1, 0.0026010339109796142], [71887.6, 0.0], [71887.8, 4.944565464772247], [71888.1, 0.0], [71888.2, 0.0], [71888.5, 0.0], [71892.0, 2.853334200344637], [71892.5, 0.0], [71893.2, 0.0], [71893.3, 0.0], [71893.8, 0.0]], "_doc": "a0164c1a-c2f5-4e6b-83d8-787dd36c475f"}, {"timestamp": "2024-04-08 22:28:21", "receive_time": 1712611701.429, "asks": [[71890.1, 0.0], [71891.5, 0.0], [71892.0, 0.0], [71892.3, 0.0026011150980425305], [71893.1, 0.13005575490212654], [71893.5, 0.0], [71906.0, 0.5670430913732717], [71906.5, 0.0], [71907.3, 0.0], [71907.4, 3.0016868231410805], [71908.4, 4.9499220315749355], [71920.7, 0.5826497819615268], [71952.0, 0.07283122274519085], [71952.1, 0.0], [71952.2, 0.013005575490212654], [71952.3, 0.020808920784340244], [71952.4, 0.020808920784340244], [72009.1, 0.0], [72009.2, 0.007803345294127592]], "bids": [[5000.0, 0.632070968824335], [35946.0, 0.0], [35946.1, 0.0], [70813.6, 80.14035617069037], [71532.5, 0.020808920784340244], [71857.0, 0.0], [71860.2, 0.0], [71864.2, 24.24759494395247], [71877.3, 0.06502787745106327], [71878.1, 0.0], [71878.9, 0.0026011150980425305], [71880.0, 0.0], [71880.1, 0.0], [71880.9, 0.005202230196085061], [71883.0, 0.0], [71887.6, 0.0], [71888.1, 0.0], [71888.5, 4.9447198013788505], [71892.0, 2.720766392552487], [71892.5, 0.0], [71893.2, 0.0], [71893.3, 0.0], [71893.8, 0.0]], "_doc": "06a3d839-e53f-4a53-8375-3aa03d557630"}, {"timestamp": "2024-04-08 22:28:20", "receive_time": 1712611700.918, "asks": [[71890.1, 0.0], [71891.5, 0.0], [71892.0, 0.0], [71892.5, 0.057224532156935674], [71893.5, 0.06502787745106327], [71893.8, 0.0], [71894.6, 0.0], [71903.0, 0.018207805686297714], [71903.1, 0.7023010764714833], [71903.3, 0.4421895666672302], [71905.9, 0.0], [71906.0, 0.5670430913732717], [71906.2, 0.0], [71906.5, 2.986080132552825], [71907.3, 4.947320916476893], [71907.4, 0.026011150980425307], [71907.5, 0.18467917196101968], [71907.6, 0.39536949490246465], [71908.4, 0.0026011150980425305], [71910.2, 0.0], [71910.5, 0.0], [71911.2, 2.2031444880420232], [71911.3, 0.026011150980425307], [71911.7, 0.0], [71911.8, 0.020808920784340244], [71911.9, 1.573674634315731], [71913.2, 0.018207805686297714], [71913.3, 1.573674634315731], [71917.7, 0.7907389898049293], [71921.5, 0.0], [71924.7, 0.0], [71929.6, 0.0026011150980425305], [71951.6, 0.0], [71951.7, 0.0], [71951.8, 0.0], [71951.9, 0.0], [71952.0, 0.09364014352953111], [71952.1, 0.020808920784340244], [72790.8, 75.52077575656683], [72826.7, 52.774024224184906], [72970.5, 68.0451709647926]], "bids": [[5000.0, 0.632070968824335], [35946.0, 0.0], [70921.5, 82.42153411167367], [71532.5, 0.020808920784340244], [71814.8, 0.0026011150980425305], [71814.9, 0.005202230196085061], [71815.0, 0.2705159701964232], [71815.1, 0.020808920784340244], [71856.7, 0.0026011150980425305], [71863.9, 0.2705159701964232], [71864.2, 24.24759494395247], [71864.4, 0.0], [71869.4, 1.573674634315731], [71870.4, 0.0], [71871.3, 1.573674634315731], [71872.0, 1.573674634315731], [71872.8, 0.0026011150980425305], [71873.0, 0.0], [71873.3, 0.11965129450995642], [71873.7, 0.028612266078467837], [71874.6, 0.018207805686297714], [71876.0, 0.16907248137276448], [71876.2, 0.018207805686297714], [71877.1, 0.0], [71877.8, 0.0], [71877.9, 0.0], [71878.0, 0.0], [71878.1, 0.06502787745106327], [71880.0, 0.0], [71880.1, 0.0], [71881.3, 0.018207805686297714], [71887.6, 0.0], [71888.1, 4.9447198013788505], [71888.2, 0.0], [71892.0, 2.8534232625526563], [71892.5, 0.0], [71893.2, 0.0], [71893.3, 0.0], [71893.8, 0.0]], "_doc": "77d01ce2-2b96-4ba5-95f7-6c713be6a55d"}, {"timestamp": "2024-04-08 22:28:20", "receive_time": 1712611700.416, "asks": [[71890.1, 0.0], [71891.5, 0.0], [71892.0, 0.0], [71892.5, 0.052022301960850614], [71892.6, 0.9572103560796513], [71894.6, 0.13005575490212654], [71906.5, 0.0026011150980425305], [71910.4, 0.0], [71922.0, 27.878751620819845], [71922.1, 0.39276837980442214], [71924.7, 0.0026011150980425305], [71928.9, 0.0], [71929.1, 0.005202230196085061], [71941.7, 0.0], [71951.6, 0.0], [71951.7, 0.020808920784340244], [71951.8, 0.020808920784340244], [71953.8, 0.0], [71953.9, 0.0], [72826.7, 59.01670045948698], [72862.6, 84.67670090167654], [72970.5, 58.94907146693787]], "bids": [[5000.0, 0.6346720839223775], [35946.0, 0.0], [71532.5, 0.020808920784340244], [71814.5, 0.0], [71814.6, 0.0], [71814.8, 0.023410035882382777], [71814.9, 0.026011150980425307], [71815.0, 0.24970704941208294], [71815.1, 0.0], [71875.9, 0.7985423350990569], [71877.0, 0.3641561137259543], [71877.1, 0.018207805686297714], [71877.2, 0.0], [71877.8, 0.06502787745106327], [71880.0, 0.018207805686297714], [71880.1, 0.0], [71881.3, 0.0], [71885.2, 0.0], [71888.1, 0.0], [71888.2, 4.9447198013788505], [71888.5, 0.0], [71892.0, 2.811805420983976], [71892.5, 0.0], [71893.2, 0.0], [71893.3, 0.0], [71893.8, 0.0]], "_doc": "b4aa0ba8-1d74-49b6-b5c8-fd8f5391c8ec"}, {"timestamp": "2024-04-08 22:28:19", "receive_time": 1712611699.902, "asks": [[71890.1, 0.0], [71891.5, 0.0], [71892.0, 0.0], [71892.6, 1.0222382335307145], [71892.7, 0.0], [71892.8, 0.0], [71901.8, 0.26011150980425307], [71906.3, 0.0], [71906.5, 0.0], [71907.4, 3.0172935137293355], [71907.6, 5.342690411379358], [71908.1, 0.0], [71908.4, 0.0026011150980425305], [71909.4, 0.0], [71911.3, 1.5996857852961563], [71911.8, 0.0], [71912.0, 0.12485352470604147], [71913.2, 0.018207805686297714], [71913.3, 1.5918824400020288], [71913.4, 1.5762757494137736], [71913.5, 0.0], [71914.4, 0.0], [71914.5, 0.0], [71921.7, 15.18270882727425], [71922.1, 25.660000442189563], [71922.2, 0.0], [71959.6, 0.7829356445108018], [72682.9, 106.36479858915516], [72970.5, 61.789489154000314]], "bids": [[5000.0, 0.6346720839223775], [35946.0, 0.005202230196085061], [70310.4, 1.0014293127463743], [70993.4, 76.60283963735253], [71532.5, 0.020808920784340244], [71846.8, 2.603716213140573], [71856.4, 0.0], [71860.0, 0.0026011150980425305], [71863.6, 0.0], [71863.9, 23.212351134931545], [71864.3, 2.2187511786302787], [71864.4, 0.0], [71866.0, 0.0], [71869.9, 0.0], [71870.4, 1.573674634315731], [71870.8, 0.17427471156884955], [71871.3, 1.573674634315731], [71872.8, 0.0026011150980425305], [71873.3, 1.6933259288256874], [71875.1, 0.0], [71876.2, 0.018207805686297714], [71876.5, 0.0], [71877.0, 0.42918399117701755], [71877.1, 0.018207805686297714], [71877.5, 0.0], [71877.6, 0.05982564725497821], [71877.7, 0.0], [71877.8, 0.0], [71878.2, 0.028612266078467837], [71879.8, 0.0026011150980425305], [71880.0, 0.0], [71880.1, 0.0], [71881.3, 0.018207805686297714], [71888.1, 0.0], [71888.4, 0.028612266078467837], [71888.5, 4.9447198013788505], [71892.0, 2.720766392552487], [71892.5, 0.0], [71893.2, 0.0], [71893.3, 0.0], [71893.8, 0.0]], "_doc": "e6a2a777-d8dc-4b41-bc1a-dd337368f396"}, {"timestamp": "2024-04-08 22:28:19", "receive_time": 1712611699.397, "asks": [[71890.1, 0.0], [71891.5, 0.0], [71892.0, 0.0], [71892.1, 12.186224234329256], [71892.8, 0.06502787745106327], [71892.9, 0.0], [71893.0, 0.0], [71893.1, 0.0], [71893.2, 0.0], [71893.3, 0.7803345294127592], [71893.5, 0.0], [71903.0, 0.0], [71903.1, 0.0], [71903.3, 0.4603973723535279], [71904.1, 0.26011150980425307], [71906.0, 0.8271546011775247], [71906.4, 3.852251460200988], [71906.5, 0.0], [71907.2, 0.0], [71907.3, 0.0], [71907.4, 0.026011150980425307], [71908.1, 2.975675672160655], [71908.4, 0.0026011150980425305], [71909.4, 4.947320916476893], [71910.4, 0.0026011150980425305], [71911.4, 2.112105459610535], [71911.9, 2.2031444880420232], [71913.3, 0.0], [71919.0, 0.0], [71921.5, 0.0], [71921.6, 0.005202230196085061], [71922.0, 2.6115195584347006], [71922.2, 25.267232062385144], [71922.3, 0.10404460392170123], [71922.4, 0.005202230196085061], [71923.5, 0.0], [71928.9, 0.0026011150980425305], [71936.6, 0.0], [71959.5, 0.0], [71959.6, 0.0], [71962.5, 3.123939232749079], [72028.8, 0.0], [72031.7, 1.435815534119477], [72033.4, 3.1213381176510366], [72143.3, 0.0], [72145.0, 3.1213381176510366], [72682.9, 103.9145481667991], [72970.5, 68.0451709647926], [77284.0, 12.048365134133002]], "bids": [[5000.0, 0.6346720839223775], [35946.0, 0.0], [70759.8, 0.0026011150980425305], [70921.5, 79.47447070559149], [70993.4, 73.28381677225026], [71065.2, 57.424818019484945], [71101.2, 104.04980615189731], [71532.5, 0.020808920784340244], [71846.8, 2.6011150980425306], [71864.3, 2.2187511786302787], [71866.2, 0.0], [71869.9, 1.573674634315731], [71871.3, 0.0], [71872.8, 1.5762757494137736], [71874.6, 0.0], [71877.0, 0.3641561137259543], [71877.5, 0.018207805686297714], [71877.7, 0.06502787745106327], [71892.0, 2.692154126474019], [71892.5, 0.0], [71893.2, 0.0], [71893.3, 0.0], [71893.8, 0.0]], "_doc": "72f500a1-33e9-45b2-b56e-33619a4cd8b4"}, {"timestamp": "2024-04-08 22:28:18", "receive_time": 1712611698.877, "asks": [[71890.1, 0.0], [71891.5, 0.0], [71892.0, 0.0], [71893.5, 0.06502787745106327], [71893.6, 0.0], [71893.7, 0.0], [71893.8, 0.005202230196085061], [71893.9, 3.80283027333818], [71894.0, 0.12485352470604147], [71895.5, 0.0], [71897.9, 0.10404460392170123], [71902.3, 0.0], [71902.6, 0.0], [71902.8, 0.0], [71902.9, 0.0], [71903.0, 0.4421895666672302], [71903.3, 0.2783193154905508], [71904.2, 0.4421895666672302], [71904.3, 0.26011150980425307], [71904.6, 0.26011150980425307], [71906.2, 0.4421895666672302], [71906.4, 3.852251460200988], [71907.5, 0.18467917196101968], [71907.6, 0.39536949490246465], [71908.1, 2.9678723268665275], [71908.2, 0.2523081645101255], [71908.4, 0.0026011150980425305], [71908.7, 0.0], [71908.8, 0.0], [71908.9, 0.0], [71909.4, 4.947320916476893], [71909.9, 0.0], [71911.9, 0.0], [71912.0, 0.14306133039233918], [71913.2, 0.0], [71913.3, 2.2031444880420232], [71913.5, 1.573674634315731], [71913.8, 0.0], [71914.4, 0.018207805686297714], [71914.5, 1.573674634315731], [71915.1, 0.0], [71919.0, 0.0026011150980425305], [71922.0, 28.107649749447585], [71922.3, 0.10404460392170123], [71922.6, 0.07803345294127592], [71925.8, 0.005202230196085061], [71936.6, 0.0026011150980425305], [72028.8, 0.0], [72609.5, 0.0], [72612.2, 0.018207805686297714], [72970.5, 74.30085277558489]], "bids": [[5000.0, 0.6346720839223775], [71065.2, 54.472552383206676], [71101.2, 96.66524038855457], [71532.5, 0.020808920784340244], [71814.5, 0.020808920784340244], [71814.6, 0.020808920784340244], [71814.7, 0.0], [71814.8, 0.0026011150980425305], [71815.3, 0.0], [71815.4, 0.0], [71835.8, 0.0], [71836.5, 0.0], [71846.7, 7.818951984715847], [71852.6, 0.0], [71856.4, 0.0], [71856.5, 0.18728028705906222], [71860.0, 0.0026011150980425305], [71863.3, 0.0], [71863.6, 22.965245200617503], [71864.3, 0.018207805686297714], [71864.5, 0.0], [71864.6, 0.0], [71864.7, 0.0], [71866.2, 2.2005433729439807], [71866.3, 0.0], [71867.1, 0.0], [71868.2, 0.04161784156868049], [71868.3, 0.018207805686297714], [71869.3, 2.216150063532236], [71869.4, 0.0], [71870.8, 1.7479493458845805], [71871.3, 1.573674634315731], [71871.4, 0.0026011150980425305], [71872.0, 0.0], [71872.8, 0.0026011150980425305], [71873.0, 0.0], [71874.1, 0.0], [71874.6, 1.573674634315731], [71876.5, 0.018207805686297714], [71877.1, 0.0], [71877.4, 0.0], [71877.5, 0.08323568313736097], [71878.5, 0.7439189180401637], [71880.0, 0.018207805686297714], [71880.1, 0.0], [71881.3, 0.0], [71883.0, 0.15866802098059438], [71887.0, 0.0], [71887.3, 0.0], [71888.1, 4.9447198013788505]], "_doc": "b8376a9d-7df2-48ba-8458-a3fdefdbb213"}