[{"channel": "market_trades", "client_id": "", "timestamp": "2024-04-03T13:49:25.94080574Z", "sequence_num": 23, "events": [{"type": "update", "trades": [{"product_id": "BTC-USD", "trade_id": "625995538", "price": "65808.13", "size": "0.00000731", "time": "2024-04-03T13:49:25.921107Z", "side": "BUY"}]}], "_doc": "c2549dcc-8be8-4873-9622-592fa084414e"}, {"channel": "market_trades", "client_id": "", "timestamp": "2024-04-03T13:49:25.841604269Z", "sequence_num": 22, "events": [{"type": "update", "trades": [{"product_id": "BTC-USD", "trade_id": "625995537", "price": "65808.14", "size": "0.00004592", "time": "2024-04-03T13:49:25.813506Z", "side": "SELL"}]}], "_doc": "e2c5fffa-8f73-4d12-94ac-f3bf8705eb26"}, {"channel": "market_trades", "client_id": "", "timestamp": "2024-04-03T13:49:25.542918036Z", "sequence_num": 21, "events": [{"type": "update", "trades": [{"product_id": "BTC-USD", "trade_id": "625995536", "price": "65808.15", "size": "0.00155234", "time": "2024-04-03T13:49:25.495039Z", "side": "SELL"}, {"product_id": "BTC-USD", "trade_id": "625995535", "price": "65807.13", "size": "0.00064887", "time": "2024-04-03T13:49:25.495039Z", "side": "SELL"}]}], "_doc": "b89356b0-ad36-43f4-9f81-2ee07e4d564e"}, {"channel": "market_trades", "client_id": "", "timestamp": "2024-04-03T13:49:24.741908353Z", "sequence_num": 20, "events": [{"type": "update", "trades": [{"product_id": "BTC-USD", "trade_id": "625995534", "price": "65808.04", "size": "0.00144729", "time": "2024-04-03T13:49:24.641583Z", "side": "SELL"}]}], "_doc": "49f7542b-ef86-4444-a456-16356d95d1b7"}, {"channel": "market_trades", "client_id": "", "timestamp": "2024-04-03T13:49:24.641373345Z", "sequence_num": 19, "events": [{"type": "update", "trades": [{"product_id": "BTC-USD", "trade_id": "625995533", "price": "65808.08", "size": "0.00000155", "time": "2024-04-03T13:49:24.594861Z", "side": "SELL"}]}], "_doc": "56a0b814-24aa-413d-a60a-a410ad690612"}, {"channel": "market_trades", "client_id": "", "timestamp": "2024-04-03T13:49:24.542384738Z", "sequence_num": 18, "events": [{"type": "update", "trades": [{"product_id": "BTC-USD", "trade_id": "625995532", "price": "65808.1", "size": "0.00029669", "time": "2024-04-03T13:49:24.453162Z", "side": "SELL"}]}], "_doc": "ef2d9d81-a9c9-4c81-8966-830f9d8e7d89"}, {"channel": "market_trades", "client_id": "", "timestamp": "2024-04-03T13:49:24.243671465Z", "sequence_num": 17, "events": [{"type": "update", "trades": [{"product_id": "BTC-USD", "trade_id": "625995531", "price": "65806.59", "size": "0.00071503", "time": "2024-04-03T13:49:24.180144Z", "side": "SELL"}]}], "_doc": "f2afb618-859f-4491-abfe-7aca55dcf481"}, {"channel": "market_trades", "client_id": "", "timestamp": "2024-04-03T13:49:24.041743332Z", "sequence_num": 16, "events": [{"type": "update", "trades": [{"product_id": "BTC-USD", "trade_id": "625995530", "price": "65804.93", "size": "0.00001372", "time": "2024-04-03T13:49:23.963702Z", "side": "BUY"}]}], "_doc": "db8333ab-6f3d-4116-a2b3-5028f50fad30"}, {"channel": "market_trades", "client_id": "", "timestamp": "2024-04-03T13:49:23.641833435Z", "sequence_num": 15, "events": [{"type": "update", "trades": [{"product_id": "BTC-USD", "trade_id": "625995529", "price": "65804.93", "size": "0.00305594", "time": "2024-04-03T13:49:23.589262Z", "side": "BUY"}]}], "_doc": "4de5eaac-1c71-43c3-8752-a9290ffeaf93"}, {"channel": "market_trades", "client_id": "", "timestamp": "2024-04-03T13:49:22.641020828Z", "sequence_num": 14, "events": [{"type": "update", "trades": [{"product_id": "BTC-USD", "trade_id": "625995528", "price": "65793.2", "size": "0.02035309", "time": "2024-04-03T13:49:22.561891Z", "side": "SELL"}, {"product_id": "BTC-USD", "trade_id": "625995527", "price": "65793.2", "size": "0.07738061", "time": "2024-04-03T13:49:22.549954Z", "side": "SELL"}]}], "_doc": "5fd45c5e-91c4-4856-9cf7-0af6b8d81d7f"}, {"channel": "market_trades", "client_id": "", "timestamp": "2024-04-03T13:49:22.042103376Z", "sequence_num": 13, "events": [{"type": "update", "trades": [{"product_id": "BTC-USD", "trade_id": "625995526", "price": "65790", "size": "0.00183422", "time": "2024-04-03T13:49:22.023558Z", "side": "SELL"}, {"product_id": "BTC-USD", "trade_id": "625995525", "price": "65789", "size": "0.00367828", "time": "2024-04-03T13:49:22.023558Z", "side": "SELL"}, {"product_id": "BTC-USD", "trade_id": "625995524", "price": "65789", "size": "0.00242784", "time": "2024-04-03T13:49:22.023558Z", "side": "SELL"}]}], "_doc": "ad9002e0-0173-4a17-972e-656bdddcf2d1"}, {"channel": "market_trades", "client_id": "", "timestamp": "2024-04-03T13:49:20.342635223Z", "sequence_num": 12, "events": [{"type": "update", "trades": [{"product_id": "BTC-USD", "trade_id": "625995523", "price": "65787.99", "size": "0.00001998", "time": "2024-04-03T13:49:20.287843Z", "side": "SELL"}]}], "_doc": "abfc48ed-a3c1-4d7f-9e6a-de32cd0fdac9"}, {"channel": "market_trades", "client_id": "", "timestamp": "2024-04-03T13:49:19.243906105Z", "sequence_num": 11, "events": [{"type": "update", "trades": [{"product_id": "BTC-USD", "trade_id": "625995522", "price": "65786.26", "size": "0.00003477", "time": "2024-04-03T13:49:19.198471Z", "side": "BUY"}]}], "_doc": "b66e64cb-90db-4e95-ba1b-25f43f812603"}, {"channel": "market_trades", "client_id": "", "timestamp": "2024-04-03T13:49:19.040958737Z", "sequence_num": 10, "events": [{"type": "update", "trades": [{"product_id": "BTC-USD", "trade_id": "625995521", "price": "65786.26", "size": "0.00000001", "time": "2024-04-03T13:49:18.995581Z", "side": "BUY"}, {"product_id": "BTC-USD", "trade_id": "625995520", "price": "65786.27", "size": "0.0005093", "time": "2024-04-03T13:49:18.995581Z", "side": "SELL"}]}], "_doc": "f3fa7875-b614-4e3e-b5d0-82168af1e6ae"}, {"channel": "market_trades", "client_id": "", "timestamp": "2024-04-03T13:49:18.243432158Z", "sequence_num": 9, "events": [{"type": "update", "trades": [{"product_id": "BTC-USD", "trade_id": "625995519", "price": "65780.77", "size": "0.00018622", "time": "2024-04-03T13:49:18.184403Z", "side": "SELL"}]}], "_doc": "a98c2542-197d-4537-897e-20d58b3f4c32"}, {"channel": "market_trades", "client_id": "", "timestamp": "2024-04-03T13:49:18.04650895Z", "sequence_num": 8, "events": [{"type": "update", "trades": [{"product_id": "BTC-USD", "trade_id": "625995518", "price": "65780.41", "size": "0.00871553", "time": "2024-04-03T13:49:17.992149Z", "side": "SELL"}, {"product_id": "BTC-USD", "trade_id": "625995517", "price": "65773.24", "size": "0.8", "time": "2024-04-03T13:49:17.985547Z", "side": "SELL"}, {"product_id": "BTC-USD", "trade_id": "625995516", "price": "65773.23", "size": "0.004524", "time": "2024-04-03T13:49:17.985547Z", "side": "SELL"}, {"product_id": "BTC-USD", "trade_id": "625995515", "price": "65773.23", "size": "0.007528", "time": "2024-04-03T13:49:17.985547Z", "side": "SELL"}, {"product_id": "BTC-USD", "trade_id": "625995514", "price": "65773.23", "size": "0.001769", "time": "2024-04-03T13:49:17.985547Z", "side": "SELL"}, {"product_id": "BTC-USD", "trade_id": "625995513", "price": "65773.23", "size": "0.002964", "time": "2024-04-03T13:49:17.985547Z", "side": "SELL"}, {"product_id": "BTC-USD", "trade_id": "625995512", "price": "65773.23", "size": "0.78321406", "time": "2024-04-03T13:49:17.985547Z", "side": "SELL"}]}], "_doc": "6081508c-3776-4941-84e6-dc08027f4322"}, {"channel": "market_trades", "client_id": "", "timestamp": "2024-04-03T13:49:17.641970097Z", "sequence_num": 7, "events": [{"type": "update", "trades": [{"product_id": "BTC-USD", "trade_id": "625995511", "price": "65773.23", "size": "0.00000182", "time": "2024-04-03T13:49:17.598242Z", "side": "SELL"}, {"product_id": "BTC-USD", "trade_id": "625995510", "price": "65773.22", "size": "0.00034367", "time": "2024-04-03T13:49:17.575452Z", "side": "BUY"}, {"product_id": "BTC-USD", "trade_id": "625995509", "price": "65773.23", "size": "0.00452297", "time": "2024-04-03T13:49:17.572384Z", "side": "SELL"}]}], "_doc": "767b02ab-7a47-4cf2-a8ab-ec07a8428c10"}, {"channel": "market_trades", "client_id": "", "timestamp": "2024-04-03T13:49:17.442217911Z", "sequence_num": 6, "events": [{"type": "update", "trades": [{"product_id": "BTC-USD", "trade_id": "625995508", "price": "65773.23", "size": "0.00752152", "time": "2024-04-03T13:49:17.405024Z", "side": "SELL"}, {"product_id": "BTC-USD", "trade_id": "625995507", "price": "65773.23", "size": "0.00000645", "time": "2024-04-03T13:49:17.363039Z", "side": "SELL"}]}], "_doc": "4c706f28-5c41-4f55-b0f5-84009e1972c3"}, {"channel": "market_trades", "client_id": "", "timestamp": "2024-04-03T13:49:17.340586089Z", "sequence_num": 5, "events": [{"type": "update", "trades": [{"product_id": "BTC-USD", "trade_id": "625995506", "price": "65773.23", "size": "0.00176911", "time": "2024-04-03T13:49:17.264341Z", "side": "SELL"}]}], "_doc": "7b5864a7-4963-4738-bfd7-b6eb99be4a96"}, {"channel": "market_trades", "client_id": "", "timestamp": "2024-04-03T13:49:17.143626872Z", "sequence_num": 4, "events": [{"type": "update", "trades": [{"product_id": "BTC-USD", "trade_id": "625995505", "price": "65773.23", "size": "0.00296407", "time": "2024-04-03T13:49:17.080024Z", "side": "SELL"}]}], "_doc": "e5e38b37-7309-41ed-a71b-0ce8537d8170"}, {"channel": "market_trades", "client_id": "", "timestamp": "2024-04-03T13:49:17.042606366Z", "sequence_num": 3, "events": [{"type": "update", "trades": [{"product_id": "BTC-USD", "trade_id": "625995504", "price": "65773.22", "size": "0.00007206", "time": "2024-04-03T13:49:16.945723Z", "side": "BUY"}]}], "_doc": "1980ddf1-9b3a-43ea-b31b-1a389d9da22a"}, {"channel": "market_trades", "client_id": "", "timestamp": "2024-04-03T13:49:16.74424398Z", "sequence_num": 2, "events": [{"type": "update", "trades": [{"product_id": "BTC-USD", "trade_id": "625995503", "price": "65773.23", "size": "0.000223", "time": "2024-04-03T13:49:16.665417Z", "side": "SELL"}]}], "_doc": "9e0d4b94-536e-460b-8e6f-fff5cbc9b11a"}, {"channel": "subscriptions", "client_id": "", "timestamp": "2024-04-03T13:49:15.807874465Z", "sequence_num": 1, "events": [{"subscriptions": {"market_trades": ["BTC-USD"]}}], "_doc": "1a8d2e17-84b1-4c11-b16a-c8294aaba13f"}, {"channel": "market_trades", "client_id": "", "timestamp": "2024-04-03T13:49:15.806860343Z", "sequence_num": 0, "events": [{"type": "snapshot", "trades": [{"product_id": "BTC-USD", "trade_id": "625995502", "price": "65775.65", "size": "0.0279792", "time": "2024-04-03T13:49:15.613047Z", "side": "BUY"}, {"product_id": "BTC-USD", "trade_id": "625995501", "price": "65775.66", "size": "0.00320673", "time": "2024-04-03T13:49:15.613047Z", "side": "BUY"}, {"product_id": "BTC-USD", "trade_id": "625995500", "price": "65780.95", "size": "0.00319154", "time": "2024-04-03T13:49:15.162691Z", "side": "SELL"}, {"product_id": "BTC-USD", "trade_id": "625995499", "price": "65780.94", "size": "0.00154989", "time": "2024-04-03T13:49:15.162691Z", "side": "SELL"}, {"product_id": "BTC-USD", "trade_id": "625995498", "price": "65775.92", "size": "0.00003798", "time": "2024-04-03T13:49:15.162691Z", "side": "SELL"}, {"product_id": "BTC-USD", "trade_id": "625995497", "price": "65773.22", "size": "0.01527763", "time": "2024-04-03T13:49:14.585983Z", "side": "BUY"}, {"product_id": "BTC-USD", "trade_id": "625995496", "price": "65773.22", "size": "0.00152728", "time": "2024-04-03T13:49:14.499794Z", "side": "BUY"}, {"product_id": "BTC-USD", "trade_id": "625995495", "price": "65776.77", "size": "0.06055571", "time": "2024-04-03T13:49:14.142803Z", "side": "BUY"}, {"product_id": "BTC-USD", "trade_id": "625995494", "price": "65776.77", "size": "0.00013455", "time": "2024-04-03T13:49:13.998516Z", "side": "BUY"}, {"product_id": "BTC-USD", "trade_id": "625995493", "price": "65776.77", "size": "0.00010561", "time": "2024-04-03T13:49:13.445701Z", "side": "BUY"}, {"product_id": "BTC-USD", "trade_id": "625995492", "price": "65776.78", "size": "0.25191624", "time": "2024-04-03T13:49:12.768248Z", "side": "SELL"}, {"product_id": "BTC-USD", "trade_id": "625995491", "price": "65776.78", "size": "0.00488886", "time": "2024-04-03T13:49:12.279559Z", "side": "SELL"}, {"product_id": "BTC-USD", "trade_id": "625995490", "price": "65776.78", "size": "0.0000152", "time": "2024-04-03T13:49:12.224714Z", "side": "SELL"}, {"product_id": "BTC-USD", "trade_id": "625995489", "price": "65776.78", "size": "0.07761745", "time": "2024-04-03T13:49:11.785336Z", "side": "SELL"}, {"product_id": "BTC-USD", "trade_id": "625995488", "price": "65776.78", "size": "0.02696553", "time": "2024-04-03T13:49:11.75753Z", "side": "SELL"}, {"product_id": "BTC-USD", "trade_id": "625995487", "price": "65776.78", "size": "0.08951492", "time": "2024-04-03T13:49:11.743711Z", "side": "SELL"}, {"product_id": "BTC-USD", "trade_id": "625995486", "price": "65776.78", "size": "0.00116895", "time": "2024-04-03T13:49:11.09929Z", "side": "SELL"}, {"product_id": "BTC-USD", "trade_id": "625995485", "price": "65776.78", "size": "0.00130331", "time": "2024-04-03T13:49:10.806956Z", "side": "SELL"}, {"product_id": "BTC-USD", "trade_id": "625995484", "price": "65776.78", "size": "0.00040421", "time": "2024-04-03T13:49:10.230617Z", "side": "SELL"}, {"product_id": "BTC-USD", "trade_id": "625995483", "price": "65776.78", "size": "0.00072225", "time": "2024-04-03T13:49:09.92058Z", "side": "SELL"}, {"product_id": "BTC-USD", "trade_id": "625995482", "price": "65776.78", "size": "0.00035368", "time": "2024-04-03T13:49:09.87323Z", "side": "SELL"}, {"product_id": "BTC-USD", "trade_id": "625995481", "price": "65776.79", "size": "0.00001519", "time": "2024-04-03T13:49:08.238455Z", "side": "SELL"}, {"product_id": "BTC-USD", "trade_id": "625995480", "price": "65784.77", "size": "0.00376086", "time": "2024-04-03T13:49:07.898832Z", "side": "SELL"}, {"product_id": "BTC-USD", "trade_id": "625995479", "price": "65776.87", "size": "0.01376638", "time": "2024-04-03T13:49:07.600381Z", "side": "BUY"}, {"product_id": "BTC-USD", "trade_id": "625995478", "price": "65776.91", "size": "0.00002284", "time": "2024-04-03T13:49:07.600381Z", "side": "BUY"}, {"product_id": "BTC-USD", "trade_id": "625995477", "price": "65780.73", "size": "0.0001", "time": "2024-04-03T13:49:07.600381Z", "side": "BUY"}, {"product_id": "BTC-USD", "trade_id": "625995476", "price": "65781.57", "size": "0.00045437", "time": "2024-04-03T13:49:07.600381Z", "side": "BUY"}, {"product_id": "BTC-USD", "trade_id": "625995475", "price": "65781.57", "size": "0.00079648", "time": "2024-04-03T13:49:07.600381Z", "side": "BUY"}, {"product_id": "BTC-USD", "trade_id": "625995474", "price": "65781.57", "size": "0.00077188", "time": "2024-04-03T13:49:07.600381Z", "side": "BUY"}, {"product_id": "BTC-USD", "trade_id": "625995473", "price": "65792.6", "size": "0.09320967", "time": "2024-04-03T13:49:07.396413Z", "side": "BUY"}, {"product_id": "BTC-USD", "trade_id": "625995472", "price": "65794.39", "size": "0.0544689", "time": "2024-04-03T13:49:07.369901Z", "side": "BUY"}, {"product_id": "BTC-USD", "trade_id": "625995471", "price": "65794.39", "size": "0.00052665", "time": "2024-04-03T13:49:07.369901Z", "side": "BUY"}, {"product_id": "BTC-USD", "trade_id": "625995470", "price": "65794.56", "size": "0.0625", "time": "2024-04-03T13:49:07.369901Z", "side": "BUY"}, {"product_id": "BTC-USD", "trade_id": "625995469", "price": "65794.56", "size": "0.00032989", "time": "2024-04-03T13:49:07.369901Z", "side": "BUY"}, {"product_id": "BTC-USD", "trade_id": "625995468", "price": "65794.56", "size": "0.00864098", "time": "2024-04-03T13:49:07.369901Z", "side": "BUY"}, {"product_id": "BTC-USD", "trade_id": "625995467", "price": "65794.56", "size": "0.00009972", "time": "2024-04-03T13:49:07.369901Z", "side": "BUY"}, {"product_id": "BTC-USD", "trade_id": "625995466", "price": "65807.11", "size": "0.0449", "time": "2024-04-03T13:49:06.834419Z", "side": "BUY"}, {"product_id": "BTC-USD", "trade_id": "625995465", "price": "65807.11", "size": "0.0001", "time": "2024-04-03T13:49:06.834419Z", "side": "BUY"}, {"product_id": "BTC-USD", "trade_id": "625995464", "price": "65808.15", "size": "0.02069375", "time": "2024-04-03T13:49:06.019022Z", "side": "SELL"}, {"product_id": "BTC-USD", "trade_id": "625995463", "price": "65808.14", "size": "0.0001", "time": "2024-04-03T13:49:06.019022Z", "side": "SELL"}, {"product_id": "BTC-USD", "trade_id": "625995462", "price": "65808.56", "size": "0.00211676", "time": "2024-04-03T13:49:05.913385Z", "side": "BUY"}, {"product_id": "BTC-USD", "trade_id": "625995461", "price": "65808.58", "size": "0.02864188", "time": "2024-04-03T13:49:05.913385Z", "side": "BUY"}, {"product_id": "BTC-USD", "trade_id": "625995460", "price": "65809.56", "size": "1", "time": "2024-04-03T13:49:05.913385Z", "side": "BUY"}, {"product_id": "BTC-USD", "trade_id": "625995459", "price": "65810.21", "size": "0.0625", "time": "2024-04-03T13:49:05.913385Z", "side": "BUY"}, {"product_id": "BTC-USD", "trade_id": "625995458", "price": "65810.22", "size": "0.00556069", "time": "2024-04-03T13:49:05.913385Z", "side": "BUY"}, {"product_id": "BTC-USD", "trade_id": "625995457", "price": "65813.6", "size": "0.00227015", "time": "2024-04-03T13:49:05.605489Z", "side": "SELL"}, {"product_id": "BTC-USD", "trade_id": "625995456", "price": "65808.23", "size": "0.00000045", "time": "2024-04-03T13:49:05.539518Z", "side": "SELL"}, {"product_id": "BTC-USD", "trade_id": "625995455", "price": "65808.24", "size": "0.0011099", "time": "2024-04-03T13:49:05.506354Z", "side": "SELL"}, {"product_id": "BTC-USD", "trade_id": "625995454", "price": "65808.27", "size": "0.00296223", "time": "2024-04-03T13:49:05.342075Z", "side": "SELL"}, {"product_id": "BTC-USD", "trade_id": "625995453", "price": "65799.8", "size": "0.00001748", "time": "2024-04-03T13:49:04.267481Z", "side": "SELL"}, {"product_id": "BTC-USD", "trade_id": "625995452", "price": "65811.19", "size": "0.0000003", "time": "2024-04-03T13:49:03.595948Z", "side": "SELL"}, {"product_id": "BTC-USD", "trade_id": "625995451", "price": "65811.19", "size": "0.00065488", "time": "2024-04-03T13:49:03.570242Z", "side": "SELL"}, {"product_id": "BTC-USD", "trade_id": "625995450", "price": "65811.19", "size": "0.0001", "time": "2024-04-03T13:49:03.570242Z", "side": "SELL"}, {"product_id": "BTC-USD", "trade_id": "625995449", "price": "65812.48", "size": "0.00511388", "time": "2024-04-03T13:49:02.14354Z", "side": "SELL"}, {"product_id": "BTC-USD", "trade_id": "625995448", "price": "65806.17", "size": "0.00023332", "time": "2024-04-03T13:49:01.527715Z", "side": "SELL"}, {"product_id": "BTC-USD", "trade_id": "625995447", "price": "65826.34", "size": "0.08604491", "time": "2024-04-03T13:49:00.84147Z", "side": "SELL"}, {"product_id": "BTC-USD", "trade_id": "625995446", "price": "65825.81", "size": "0.05312314", "time": "2024-04-03T13:49:00.84147Z", "side": "SELL"}, {"product_id": "BTC-USD", "trade_id": "625995445", "price": "65825.8", "size": "0.0001", "time": "2024-04-03T13:49:00.84147Z", "side": "SELL"}, {"product_id": "BTC-USD", "trade_id": "625995444", "price": "65825.79", "size": "0.01886293", "time": "2024-04-03T13:49:00.84147Z", "side": "SELL"}, {"product_id": "BTC-USD", "trade_id": "625995443", "price": "65825.78", "size": "0.01519292", "time": "2024-04-03T13:49:00.84147Z", "side": "SELL"}, {"product_id": "BTC-USD", "trade_id": "625995442", "price": "65825.78", "size": "0.01519292", "time": "2024-04-03T13:49:00.84147Z", "side": "SELL"}, {"product_id": "BTC-USD", "trade_id": "625995441", "price": "65825.77", "size": "0.06148317", "time": "2024-04-03T13:49:00.84147Z", "side": "SELL"}, {"product_id": "BTC-USD", "trade_id": "625995440", "price": "65819.84", "size": "0.00000015", "time": "2024-04-03T13:49:00.317162Z", "side": "SELL"}, {"product_id": "BTC-USD", "trade_id": "625995439", "price": "65819.88", "size": "0.00042933", "time": "2024-04-03T13:49:00.295147Z", "side": "SELL"}, {"product_id": "BTC-USD", "trade_id": "625995438", "price": "65815.8", "size": "0.016", "time": "2024-04-03T13:49:00.269169Z", "side": "BUY"}, {"product_id": "BTC-USD", "trade_id": "625995437", "price": "65825.81", "size": "0.01233009", "time": "2024-04-03T13:49:00.267188Z", "side": "SELL"}, {"product_id": "BTC-USD", "trade_id": "625995436", "price": "65824.13", "size": "0.00058281", "time": "2024-04-03T13:49:00.267188Z", "side": "SELL"}, {"product_id": "BTC-USD", "trade_id": "625995435", "price": "65824", "size": "0.1381", "time": "2024-04-03T13:49:00.267188Z", "side": "SELL"}, {"product_id": "BTC-USD", "trade_id": "625995434", "price": "65823.27", "size": "0.0001", "time": "2024-04-03T13:49:00.267188Z", "side": "SELL"}, {"product_id": "BTC-USD", "trade_id": "625995433", "price": "65822.88", "size": "0.30384573", "time": "2024-04-03T13:49:00.267188Z", "side": "SELL"}, {"product_id": "BTC-USD", "trade_id": "625995432", "price": "65822.87", "size": "0.18230752", "time": "2024-04-03T13:49:00.267188Z", "side": "SELL"}, {"product_id": "BTC-USD", "trade_id": "625995431", "price": "65822.28", "size": "0.00065396", "time": "2024-04-03T13:49:00.267188Z", "side": "SELL"}, {"product_id": "BTC-USD", "trade_id": "625995430", "price": "65820", "size": "0.1381", "time": "2024-04-03T13:49:00.267188Z", "side": "SELL"}, {"product_id": "BTC-USD", "trade_id": "625995429", "price": "65818.6", "size": "0.00002284", "time": "2024-04-03T13:49:00.267188Z", "side": "SELL"}, {"product_id": "BTC-USD", "trade_id": "625995428", "price": "65818.31", "size": "0.0759667", "time": "2024-04-03T13:49:00.267188Z", "side": "SELL"}, {"product_id": "BTC-USD", "trade_id": "625995427", "price": "65818.22", "size": "0.033", "time": "2024-04-03T13:49:00.267188Z", "side": "SELL"}, {"product_id": "BTC-USD", "trade_id": "625995426", "price": "65818.22", "size": "0.05348915", "time": "2024-04-03T13:49:00.267188Z", "side": "SELL"}, {"product_id": "BTC-USD", "trade_id": "625995425", "price": "65818.22", "size": "0.02362923", "time": "2024-04-03T13:49:00.267188Z", "side": "SELL"}, {"product_id": "BTC-USD", "trade_id": "625995424", "price": "65818.21", "size": "0.11166483", "time": "2024-04-03T13:49:00.267188Z", "side": "SELL"}, {"product_id": "BTC-USD", "trade_id": "625995423", "price": "65803.59", "size": "0.04097206", "time": "2024-04-03T13:48:59.832302Z", "side": "SELL"}, {"product_id": "BTC-USD", "trade_id": "625995422", "price": "65803.59", "size": "0.0730852", "time": "2024-04-03T13:48:59.831565Z", "side": "SELL"}, {"product_id": "BTC-USD", "trade_id": "625995421", "price": "65803.59", "size": "0.12646645", "time": "2024-04-03T13:48:59.831021Z", "side": "SELL"}, {"product_id": "BTC-USD", "trade_id": "625995420", "price": "65803.59", "size": "0.06493", "time": "2024-04-03T13:48:59.824875Z", "side": "SELL"}, {"product_id": "BTC-USD", "trade_id": "625995419", "price": "65803.59", "size": "0.04312", "time": "2024-04-03T13:48:59.824114Z", "side": "SELL"}, {"product_id": "BTC-USD", "trade_id": "625995418", "price": "65803.59", "size": "0.03274", "time": "2024-04-03T13:48:59.822017Z", "side": "SELL"}, {"product_id": "BTC-USD", "trade_id": "625995417", "price": "65803.59", "size": "0.036", "time": "2024-04-03T13:48:59.821628Z", "side": "SELL"}, {"product_id": "BTC-USD", "trade_id": "625995416", "price": "65803.59", "size": "0.0459", "time": "2024-04-03T13:48:59.821306Z", "side": "SELL"}, {"product_id": "BTC-USD", "trade_id": "625995415", "price": "65803.59", "size": "0.13703295", "time": "2024-04-03T13:48:59.820088Z", "side": "SELL"}, {"product_id": "BTC-USD", "trade_id": "625995414", "price": "65803.59", "size": "0.18832121", "time": "2024-04-03T13:48:59.820059Z", "side": "SELL"}, {"product_id": "BTC-USD", "trade_id": "625995413", "price": "65803.59", "size": "0.01143213", "time": "2024-04-03T13:48:59.817892Z", "side": "SELL"}, {"product_id": "BTC-USD", "trade_id": "625995412", "price": "65803.58", "size": "0.14613723", "time": "2024-04-03T13:48:59.817892Z", "side": "SELL"}, {"product_id": "BTC-USD", "trade_id": "625995411", "price": "65803.58", "size": "0.16357499", "time": "2024-04-03T13:48:59.817215Z", "side": "SELL"}, {"product_id": "BTC-USD", "trade_id": "625995410", "price": "65803.58", "size": "0.49028778", "time": "2024-04-03T13:48:59.816358Z", "side": "SELL"}, {"product_id": "BTC-USD", "trade_id": "625995409", "price": "65803.58", "size": "0.18518518", "time": "2024-04-03T13:48:59.816358Z", "side": "SELL"}, {"product_id": "BTC-USD", "trade_id": "625995408", "price": "65803.58", "size": "0.01481482", "time": "2024-04-03T13:48:59.455674Z", "side": "SELL"}, {"product_id": "BTC-USD", "trade_id": "625995407", "price": "65799", "size": "0.1", "time": "2024-04-03T13:48:58.78509Z", "side": "SELL"}, {"product_id": "BTC-USD", "trade_id": "625995406", "price": "65798.97", "size": "0.01519883", "time": "2024-04-03T13:48:58.78509Z", "side": "SELL"}, {"product_id": "BTC-USD", "trade_id": "625995405", "price": "65798.97", "size": "0.00218081", "time": "2024-04-03T13:48:58.759425Z", "side": "SELL"}, {"product_id": "BTC-USD", "trade_id": "625995404", "price": "65800.57", "size": "0.04553", "time": "2024-04-03T13:48:58.510541Z", "side": "BUY"}, {"product_id": "BTC-USD", "trade_id": "625995403", "price": "65807.27", "size": "0.0625", "time": "2024-04-03T13:48:58.46624Z", "side": "BUY"}]}], "_doc": "f464126a-fd50-46a6-8d9e-a9b1966d25ee"}]