[{"code": 0, "dataType": "BTC-USDT@trade", "data": [{"q": "0.0002", "p": "65868.5", "T": 1712142401664, "m": true, "s": "BTC-USDT"}, {"q": "0.0593", "p": "65868.4", "T": 1712142401585, "m": false, "s": "BTC-USDT"}, {"q": "0.0597", "p": "65868.5", "T": 1712142401290, "m": false, "s": "BTC-USDT"}, {"q": "0.0046", "p": "65868.4", "T": 1712142400982, "m": false, "s": "BTC-USDT"}], "_doc": "0266d6c5-28af-480b-b039-8aca1b562fa4"}, {"code": 0, "dataType": "BTC-USDT@trade", "data": [{"q": "0.1639", "p": "65868.5", "T": 1712142400769, "m": true, "s": "BTC-USDT"}, {"q": "0.0167", "p": "65868.5", "T": 1712142400769, "m": true, "s": "BTC-USDT"}, {"q": "0.0375", "p": "65868.4", "T": 1712142400764, "m": false, "s": "BTC-USDT"}, {"q": "0.1331", "p": "65868.5", "T": 1712142400684, "m": false, "s": "BTC-USDT"}, {"q": "0.0006", "p": "65869.0", "T": 1712142400512, "m": true, "s": "BTC-USDT"}], "_doc": "baad9647-b2a1-4387-89a6-deeebd9a7ab5"}, {"code": 0, "dataType": "BTC-USDT@trade", "data": [{"q": "0.1639", "p": "65868.5", "T": 1712142400769, "m": true, "s": "BTC-USDT"}, {"q": "0.0167", "p": "65868.5", "T": 1712142400769, "m": true, "s": "BTC-USDT"}, {"q": "0.0375", "p": "65868.4", "T": 1712142400764, "m": false, "s": "BTC-USDT"}, {"q": "0.1331", "p": "65868.5", "T": 1712142400684, "m": false, "s": "BTC-USDT"}, {"q": "0.0006", "p": "65869.0", "T": 1712142400512, "m": true, "s": "BTC-USDT"}, {"q": "0.2031", "p": "65868.5", "T": 1712142400365, "m": false, "s": "BTC-USDT"}, {"q": "0.0001", "p": "65868.5", "T": 1712142400200, "m": true, "s": "BTC-USDT"}, {"q": "0.2437", "p": "65868.5", "T": 1712142400164, "m": true, "s": "BTC-USDT"}, {"q": "0.0965", "p": "65868.4", "T": 1712142400095, "m": false, "s": "BTC-USDT"}], "_doc": "c768d554-22a1-41a0-ab94-5763b419306d"}, {"code": 0, "dataType": "BTC-USDT@trade", "data": [{"q": "0.1494", "p": "65868.5", "T": 1712142399927, "m": true, "s": "BTC-USDT"}, {"q": "0.0334", "p": "65868.4", "T": 1712142399764, "m": false, "s": "BTC-USDT"}, {"q": "0.0155", "p": "65868.9", "T": 1712142399753, "m": true, "s": "BTC-USDT"}, {"q": "0.0641", "p": "65868.6", "T": 1712142399578, "m": true, "s": "BTC-USDT"}, {"q": "1.0477", "p": "65870.7", "T": 1712142399562, "m": true, "s": "BTC-USDT"}, {"q": "0.9715", "p": "65870.4", "T": 1712142399562, "m": true, "s": "BTC-USDT"}, {"q": "0.0082", "p": "65870.4", "T": 1712142399562, "m": true, "s": "BTC-USDT"}, {"q": "0.0811", "p": "65871.5", "T": 1712142399529, "m": true, "s": "BTC-USDT"}, {"q": "0.0005", "p": "65871.5", "T": 1712142399500, "m": true, "s": "BTC-USDT"}, {"q": "0.0147", "p": "65868.4", "T": 1712142399481, "m": false, "s": "BTC-USDT"}, {"q": "0.0311", "p": "65867.4", "T": 1712142399480, "m": false, "s": "BTC-USDT"}], "_doc": "5c7e8aa6-90ba-4981-98e9-e59baa2f3476"}, {"code": 0, "dataType": "BTC-USDT@trade", "data": [{"q": "0.0440", "p": "65870.3", "T": 1712142399306, "m": true, "s": "BTC-USDT"}, {"q": "0.0983", "p": "65867.4", "T": 1712142399306, "m": true, "s": "BTC-USDT"}, {"q": "0.3191", "p": "65867.2", "T": 1712142398974, "m": false, "s": "BTC-USDT"}], "_doc": "66d892e3-af8d-4fb4-a9b8-714da4487487"}, {"code": 0, "dataType": "BTC-USDT@trade", "data": [{"q": "0.0440", "p": "65870.3", "T": 1712142399306, "m": true, "s": "BTC-USDT"}, {"q": "0.0983", "p": "65867.4", "T": 1712142399306, "m": true, "s": "BTC-USDT"}, {"q": "0.3191", "p": "65867.2", "T": 1712142398974, "m": false, "s": "BTC-USDT"}, {"q": "0.3923", "p": "65863.6", "T": 1712142398878, "m": false, "s": "BTC-USDT"}, {"q": "0.0053", "p": "65863.5", "T": 1712142398705, "m": false, "s": "BTC-USDT"}, {"q": "0.3692", "p": "65863.6", "T": 1712142398702, "m": false, "s": "BTC-USDT"}, {"q": "0.0020", "p": "65863.5", "T": 1712142398550, "m": false, "s": "BTC-USDT"}, {"q": "0.0190", "p": "65863.5", "T": 1712142398550, "m": false, "s": "BTC-USDT"}, {"q": "0.0053", "p": "65863.5", "T": 1712142398550, "m": false, "s": "BTC-USDT"}, {"q": "0.0109", "p": "65863.1", "T": 1712142398547, "m": true, "s": "BTC-USDT"}], "_doc": "b86997cc-851e-442a-91d9-6ddaf7258a00"}, {"code": 0, "dataType": "BTC-USDT@trade", "data": [{"q": "0.3732", "p": "65863.1", "T": 1712142398270, "m": true, "s": "BTC-USDT"}, {"q": "0.5086", "p": "65863.1", "T": 1712142398270, "m": true, "s": "BTC-USDT"}, {"q": "0.1136", "p": "65861.4", "T": 1712142398164, "m": true, "s": "BTC-USDT"}, {"q": "0.0074", "p": "65858.5", "T": 1712142398132, "m": false, "s": "BTC-USDT"}, {"q": "0.1426", "p": "65858.5", "T": 1712142398132, "m": false, "s": "BTC-USDT"}, {"q": "0.0001", "p": "65855.5", "T": 1712142398130, "m": false, "s": "BTC-USDT"}, {"q": "0.0074", "p": "65855.5", "T": 1712142398130, "m": false, "s": "BTC-USDT"}, {"q": "0.0001", "p": "65855.2", "T": 1712142398126, "m": false, "s": "BTC-USDT"}], "_doc": "9d1f9119-98a9-4d1b-a971-808cdda41ba7"}, {"code": 0, "dataType": "BTC-USDT@trade", "data": [{"q": "8.3914", "p": "65864.8", "T": 1712142397641, "m": false, "s": "BTC-USDT"}, {"q": "0.0175", "p": "65864.8", "T": 1712142397641, "m": false, "s": "BTC-USDT"}], "_doc": "c55a8dd5-f6aa-44dd-868b-17cacfbe3102"}, {"code": 0, "dataType": "BTC-USDT@trade", "data": [{"q": "8.3914", "p": "65864.8", "T": 1712142397641, "m": false, "s": "BTC-USDT"}, {"q": "0.0175", "p": "65864.8", "T": 1712142397641, "m": false, "s": "BTC-USDT"}, {"q": "0.0014", "p": "65866.6", "T": 1712142397428, "m": true, "s": "BTC-USDT"}, {"q": "0.6117", "p": "65861.7", "T": 1712142397400, "m": false, "s": "BTC-USDT"}, {"q": "0.0113", "p": "65850.0", "T": 1712142397399, "m": true, "s": "BTC-USDT"}, {"q": "0.2849", "p": "65848.5", "T": 1712142397393, "m": false, "s": "BTC-USDT"}, {"q": "0.1926", "p": "65848.4", "T": 1712142397388, "m": false, "s": "BTC-USDT"}, {"q": "0.0525", "p": "65848.2", "T": 1712142397043, "m": true, "s": "BTC-USDT"}, {"q": "0.8017", "p": "65845.4", "T": 1712142397041, "m": true, "s": "BTC-USDT"}], "_doc": "04cec98b-febb-44e6-8ca5-76bebc831f97"}, {"code": 0, "dataType": "BTC-USDT@trade", "data": [{"q": "0.3921", "p": "65845.3", "T": 1712142396787, "m": false, "s": "BTC-USDT"}, {"q": "0.0029", "p": "65844.2", "T": 1712142396785, "m": false, "s": "BTC-USDT"}, {"q": "0.1979", "p": "65842.8", "T": 1712142396783, "m": true, "s": "BTC-USDT"}, {"q": "0.0114", "p": "65838.1", "T": 1712142396443, "m": false, "s": "BTC-USDT"}, {"q": "0.0036", "p": "65838.3", "T": 1712142396443, "m": false, "s": "BTC-USDT"}], "_doc": "11110b81-f95c-450d-89b9-5220d0443ac6"}, {"code": 0, "dataType": "BTC-USDT@trade", "data": [{"q": "0.3921", "p": "65845.3", "T": 1712142396787, "m": false, "s": "BTC-USDT"}, {"q": "0.0029", "p": "65844.2", "T": 1712142396785, "m": false, "s": "BTC-USDT"}, {"q": "0.1979", "p": "65842.8", "T": 1712142396783, "m": true, "s": "BTC-USDT"}, {"q": "0.0114", "p": "65838.1", "T": 1712142396443, "m": false, "s": "BTC-USDT"}, {"q": "0.0036", "p": "65838.3", "T": 1712142396443, "m": false, "s": "BTC-USDT"}, {"q": "0.0027", "p": "65838.3", "T": 1712142396430, "m": false, "s": "BTC-USDT"}, {"q": "0.0012", "p": "65838.5", "T": 1712142396430, "m": false, "s": "BTC-USDT"}, {"q": "0.0041", "p": "65838.5", "T": 1712142396414, "m": false, "s": "BTC-USDT"}, {"q": "0.0033", "p": "65838.6", "T": 1712142396414, "m": false, "s": "BTC-USDT"}, {"q": "0.0030", "p": "65838.7", "T": 1712142396414, "m": false, "s": "BTC-USDT"}, {"q": "0.0023", "p": "65838.8", "T": 1712142396414, "m": false, "s": "BTC-USDT"}, {"q": "0.0033", "p": "65838.9", "T": 1712142396414, "m": false, "s": "BTC-USDT"}, {"q": "0.0026", "p": "65839.0", "T": 1712142396414, "m": false, "s": "BTC-USDT"}, {"q": "0.0029", "p": "65839.1", "T": 1712142396414, "m": false, "s": "BTC-USDT"}, {"q": "0.0022", "p": "65839.2", "T": 1712142396414, "m": false, "s": "BTC-USDT"}, {"q": "0.0023", "p": "65839.3", "T": 1712142396414, "m": false, "s": "BTC-USDT"}, {"q": "0.0027", "p": "65839.4", "T": 1712142396414, "m": false, "s": "BTC-USDT"}, {"q": "0.0012", "p": "65839.5", "T": 1712142396414, "m": false, "s": "BTC-USDT"}, {"q": "0.0243", "p": "65839.6", "T": 1712142396414, "m": false, "s": "BTC-USDT"}, {"q": "0.0112", "p": "65839.8", "T": 1712142396414, "m": false, "s": "BTC-USDT"}, {"q": "0.0105", "p": "65840.2", "T": 1712142396414, "m": false, "s": "BTC-USDT"}, {"q": "0.1160", "p": "65840.5", "T": 1712142396414, "m": false, "s": "BTC-USDT"}, {"q": "0.0175", "p": "65840.8", "T": 1712142396414, "m": false, "s": "BTC-USDT"}, {"q": "0.0222", "p": "65841.1", "T": 1712142396414, "m": false, "s": "BTC-USDT"}, {"q": "0.0664", "p": "65841.4", "T": 1712142396413, "m": false, "s": "BTC-USDT"}, {"q": "0.0057", "p": "65844.4", "T": 1712142396413, "m": true, "s": "BTC-USDT"}, {"q": "0.5382", "p": "65841.4", "T": 1712142396395, "m": false, "s": "BTC-USDT"}, {"q": "0.2557", "p": "65841.4", "T": 1712142396394, "m": false, "s": "BTC-USDT"}, {"q": "0.0089", "p": "65839.4", "T": 1712142396349, "m": true, "s": "BTC-USDT"}, {"q": "0.0242", "p": "65836.6", "T": 1712142396349, "m": true, "s": "BTC-USDT"}, {"q": "0.2882", "p": "65836.4", "T": 1712142396349, "m": false, "s": "BTC-USDT"}, {"q": "0.0268", "p": "65834.8", "T": 1712142396346, "m": false, "s": "BTC-USDT"}, {"q": "0.0300", "p": "65834.8", "T": 1712142396169, "m": false, "s": "BTC-USDT"}, {"q": "0.1341", "p": "65834.0", "T": 1712142396006, "m": false, "s": "BTC-USDT"}, {"q": "0.0049", "p": "65833.7", "T": 1712142396005, "m": false, "s": "BTC-USDT"}, {"q": "0.0115", "p": "65833.7", "T": 1712142396004, "m": false, "s": "BTC-USDT"}, {"q": "0.3204", "p": "65833.9", "T": 1712142396004, "m": true, "s": "BTC-USDT"}], "_doc": "0c331a38-98f3-4e91-92bb-5363e6050e89"}, {"code": 0, "dataType": "BTC-USDT@trade", "data": [{"q": "0.1341", "p": "65834.0", "T": 1712142396006, "m": false, "s": "BTC-USDT"}, {"q": "0.0049", "p": "65833.7", "T": 1712142396005, "m": false, "s": "BTC-USDT"}, {"q": "0.0115", "p": "65833.7", "T": 1712142396004, "m": false, "s": "BTC-USDT"}, {"q": "0.3204", "p": "65833.9", "T": 1712142396004, "m": true, "s": "BTC-USDT"}, {"q": "0.0010", "p": "65831.2", "T": 1712142395886, "m": false, "s": "BTC-USDT"}, {"q": "0.0167", "p": "65831.2", "T": 1712142395886, "m": false, "s": "BTC-USDT"}, {"q": "0.0016", "p": "65831.2", "T": 1712142395885, "m": false, "s": "BTC-USDT"}, {"q": "0.1952", "p": "65824.1", "T": 1712142395571, "m": true, "s": "BTC-USDT"}, {"q": "0.4293", "p": "65817.7", "T": 1712142395562, "m": false, "s": "BTC-USDT"}, {"q": "0.3083", "p": "65813.8", "T": 1712142395560, "m": false, "s": "BTC-USDT"}, {"q": "0.0082", "p": "65812.9", "T": 1712142395560, "m": false, "s": "BTC-USDT"}, {"q": "0.0005", "p": "65813.7", "T": 1712142395559, "m": false, "s": "BTC-USDT"}, {"q": "0.0242", "p": "65813.7", "T": 1712142395558, "m": false, "s": "BTC-USDT"}, {"q": "0.0468", "p": "65813.7", "T": 1712142395441, "m": false, "s": "BTC-USDT"}], "_doc": "41232213-496d-4cae-b494-3cb410254e1b"}, {"code": 0, "dataType": "BTC-USDT@trade", "data": [{"q": "0.9668", "p": "65813.8", "T": 1712142395272, "m": false, "s": "BTC-USDT"}, {"q": "0.0008", "p": "65812.4", "T": 1712142395111, "m": false, "s": "BTC-USDT"}, {"q": "0.0031", "p": "65811.4", "T": 1712142395110, "m": false, "s": "BTC-USDT"}, {"q": "0.0035", "p": "65811.4", "T": 1712142395110, "m": false, "s": "BTC-USDT"}, {"q": "0.9803", "p": "65811.6", "T": 1712142395110, "m": true, "s": "BTC-USDT"}, {"q": "0.1623", "p": "65811.1", "T": 1712142395109, "m": false, "s": "BTC-USDT"}, {"q": "0.0082", "p": "65811.1", "T": 1712142395107, "m": false, "s": "BTC-USDT"}, {"q": "0.0201", "p": "65811.1", "T": 1712142394989, "m": false, "s": "BTC-USDT"}], "_doc": "93438dad-1769-4bfe-86c9-4e423e9d5b31"}, {"code": 0, "dataType": "BTC-USDT@trade", "data": [{"q": "0.9668", "p": "65813.8", "T": 1712142395272, "m": false, "s": "BTC-USDT"}, {"q": "0.0008", "p": "65812.4", "T": 1712142395111, "m": false, "s": "BTC-USDT"}, {"q": "0.0031", "p": "65811.4", "T": 1712142395110, "m": false, "s": "BTC-USDT"}, {"q": "0.0035", "p": "65811.4", "T": 1712142395110, "m": false, "s": "BTC-USDT"}, {"q": "0.9803", "p": "65811.6", "T": 1712142395110, "m": true, "s": "BTC-USDT"}, {"q": "0.1623", "p": "65811.1", "T": 1712142395109, "m": false, "s": "BTC-USDT"}, {"q": "0.0082", "p": "65811.1", "T": 1712142395107, "m": false, "s": "BTC-USDT"}, {"q": "0.0201", "p": "65811.1", "T": 1712142394989, "m": false, "s": "BTC-USDT"}, {"q": "0.0009", "p": "65813.8", "T": 1712142394818, "m": true, "s": "BTC-USDT"}, {"q": "0.0100", "p": "65810.9", "T": 1712142394818, "m": false, "s": "BTC-USDT"}, {"q": "0.0148", "p": "65810.9", "T": 1712142394816, "m": false, "s": "BTC-USDT"}, {"q": "0.0415", "p": "65810.9", "T": 1712142394815, "m": false, "s": "BTC-USDT"}, {"q": "0.7824", "p": "65811.1", "T": 1712142394815, "m": true, "s": "BTC-USDT"}, {"q": "0.5628", "p": "65813.8", "T": 1712142394815, "m": true, "s": "BTC-USDT"}, {"q": "0.0225", "p": "65810.9", "T": 1712142394815, "m": false, "s": "BTC-USDT"}, {"q": "0.0045", "p": "65813.8", "T": 1712142394815, "m": true, "s": "BTC-USDT"}, {"q": "0.0018", "p": "65810.9", "T": 1712142394815, "m": false, "s": "BTC-USDT"}, {"q": "0.0006", "p": "65813.8", "T": 1712142394815, "m": true, "s": "BTC-USDT"}, {"q": "0.0004", "p": "65810.9", "T": 1712142394815, "m": false, "s": "BTC-USDT"}, {"q": "0.0109", "p": "65810.9", "T": 1712142394814, "m": false, "s": "BTC-USDT"}, {"q": "0.0358", "p": "65810.9", "T": 1712142394814, "m": false, "s": "BTC-USDT"}, {"q": "0.0007", "p": "65810.9", "T": 1712142394814, "m": false, "s": "BTC-USDT"}, {"q": "0.0930", "p": "65810.9", "T": 1712142394814, "m": false, "s": "BTC-USDT"}, {"q": "0.0017", "p": "65810.9", "T": 1712142394814, "m": false, "s": "BTC-USDT"}, {"q": "0.0037", "p": "65810.9", "T": 1712142394813, "m": false, "s": "BTC-USDT"}, {"q": "0.0516", "p": "65810.8", "T": 1712142394662, "m": false, "s": "BTC-USDT"}, {"q": "0.0729", "p": "65810.8", "T": 1712142394662, "m": false, "s": "BTC-USDT"}, {"q": "0.0308", "p": "65814.3", "T": 1712142394634, "m": true, "s": "BTC-USDT"}, {"q": "0.0033", "p": "65810.8", "T": 1712142394619, "m": false, "s": "BTC-USDT"}, {"q": "0.0300", "p": "65810.8", "T": 1712142394573, "m": false, "s": "BTC-USDT"}, {"q": "0.2400", "p": "65814.2", "T": 1712142394569, "m": true, "s": "BTC-USDT"}, {"q": "0.0003", "p": "65810.8", "T": 1712142394563, "m": false, "s": "BTC-USDT"}, {"q": "0.0445", "p": "65810.8", "T": 1712142394545, "m": false, "s": "BTC-USDT"}, {"q": "0.0040", "p": "65810.8", "T": 1712142394545, "m": false, "s": "BTC-USDT"}, {"q": "0.0006", "p": "65810.8", "T": 1712142394545, "m": false, "s": "BTC-USDT"}, {"q": "0.1503", "p": "65810.8", "T": 1712142394545, "m": false, "s": "BTC-USDT"}, {"q": "0.1051", "p": "65810.7", "T": 1712142394544, "m": false, "s": "BTC-USDT"}, {"q": "0.0227", "p": "65811.0", "T": 1712142394544, "m": false, "s": "BTC-USDT"}, {"q": "0.0953", "p": "65811.1", "T": 1712142394543, "m": false, "s": "BTC-USDT"}, {"q": "0.0017", "p": "65812.0", "T": 1712142394543, "m": false, "s": "BTC-USDT"}, {"q": "0.0003", "p": "65812.0", "T": 1712142394542, "m": false, "s": "BTC-USDT"}, {"q": "0.0004", "p": "65813.0", "T": 1712142394542, "m": false, "s": "BTC-USDT"}], "_doc": "06c4696b-7330-4d4d-90a9-29bb848c6da9"}, {"code": 0, "dataType": "BTC-USDT@trade", "data": [{"q": "0.7086", "p": "65816.3", "T": 1712142394369, "m": false, "s": "BTC-USDT"}, {"q": "0.2705", "p": "65816.4", "T": 1712142394352, "m": false, "s": "BTC-USDT"}, {"q": "0.0577", "p": "65816.8", "T": 1712142394352, "m": true, "s": "BTC-USDT"}, {"q": "0.2920", "p": "65816.6", "T": 1712142394352, "m": true, "s": "BTC-USDT"}, {"q": "0.0009", "p": "65816.6", "T": 1712142394339, "m": true, "s": "BTC-USDT"}, {"q": "0.2295", "p": "65816.4", "T": 1712142394338, "m": false, "s": "BTC-USDT"}, {"q": "0.0003", "p": "65817.5", "T": 1712142394338, "m": false, "s": "BTC-USDT"}, {"q": "0.0005", "p": "65817.6", "T": 1712142394338, "m": false, "s": "BTC-USDT"}, {"q": "0.0011", "p": "65817.8", "T": 1712142394338, "m": false, "s": "BTC-USDT"}, {"q": "0.0005", "p": "65818.0", "T": 1712142394338, "m": false, "s": "BTC-USDT"}, {"q": "0.0001", "p": "65818.0", "T": 1712142394338, "m": false, "s": "BTC-USDT"}, {"q": "0.0007", "p": "65818.0", "T": 1712142394338, "m": false, "s": "BTC-USDT"}, {"q": "0.0007", "p": "65818.0", "T": 1712142394338, "m": false, "s": "BTC-USDT"}, {"q": "0.0008", "p": "65818.0", "T": 1712142394338, "m": false, "s": "BTC-USDT"}, {"q": "0.0006", "p": "65818.0", "T": 1712142394338, "m": false, "s": "BTC-USDT"}, {"q": "0.0106", "p": "65818.0", "T": 1712142394338, "m": false, "s": "BTC-USDT"}, {"q": "0.0006", "p": "65818.0", "T": 1712142394338, "m": false, "s": "BTC-USDT"}, {"q": "0.0001", "p": "65818.0", "T": 1712142394338, "m": false, "s": "BTC-USDT"}, {"q": "0.0004", "p": "65818.0", "T": 1712142394338, "m": false, "s": "BTC-USDT"}, {"q": "0.0008", "p": "65820.0", "T": 1712142394338, "m": false, "s": "BTC-USDT"}, {"q": "0.0189", "p": "65820.0", "T": 1712142394338, "m": false, "s": "BTC-USDT"}, {"q": "0.0084", "p": "65820.0", "T": 1712142394338, "m": false, "s": "BTC-USDT"}, {"q": "0.0006", "p": "65820.0", "T": 1712142394338, "m": false, "s": "BTC-USDT"}, {"q": "0.0007", "p": "65820.0", "T": 1712142394338, "m": false, "s": "BTC-USDT"}, {"q": "0.0002", "p": "65820.0", "T": 1712142394338, "m": false, "s": "BTC-USDT"}, {"q": "0.0003", "p": "65820.0", "T": 1712142394338, "m": false, "s": "BTC-USDT"}, {"q": "0.0001", "p": "65820.1", "T": 1712142394338, "m": false, "s": "BTC-USDT"}, {"q": "9.2356", "p": "65820.6", "T": 1712142394338, "m": false, "s": "BTC-USDT"}, {"q": "0.0775", "p": "65820.6", "T": 1712142394337, "m": false, "s": "BTC-USDT"}, {"q": "0.0484", "p": "65820.6", "T": 1712142394336, "m": false, "s": "BTC-USDT"}, {"q": "0.0001", "p": "65820.6", "T": 1712142394205, "m": false, "s": "BTC-USDT"}, {"q": "0.0002", "p": "65820.6", "T": 1712142394205, "m": false, "s": "BTC-USDT"}, {"q": "0.2737", "p": "65820.6", "T": 1712142394205, "m": false, "s": "BTC-USDT"}, {"q": "0.0168", "p": "65820.6", "T": 1712142394157, "m": false, "s": "BTC-USDT"}, {"q": "0.0057", "p": "65820.7", "T": 1712142394087, "m": true, "s": "BTC-USDT"}, {"q": "0.0019", "p": "65820.7", "T": 1712142394082, "m": true, "s": "BTC-USDT"}, {"q": "0.0053", "p": "65820.7", "T": 1712142394081, "m": true, "s": "BTC-USDT"}, {"q": "0.0036", "p": "65821.1", "T": 1712142394081, "m": false, "s": "BTC-USDT"}, {"q": "0.0303", "p": "65822.0", "T": 1712142394080, "m": false, "s": "BTC-USDT"}, {"q": "0.0227", "p": "65822.0", "T": 1712142394080, "m": false, "s": "BTC-USDT"}, {"q": "0.0001", "p": "65822.5", "T": 1712142394080, "m": false, "s": "BTC-USDT"}, {"q": "0.0011", "p": "65822.9", "T": 1712142394080, "m": false, "s": "BTC-USDT"}, {"q": "0.0018", "p": "65823.2", "T": 1712142394080, "m": false, "s": "BTC-USDT"}, {"q": "0.0001", "p": "65823.7", "T": 1712142394080, "m": false, "s": "BTC-USDT"}, {"q": "0.0013", "p": "65824.7", "T": 1712142394080, "m": false, "s": "BTC-USDT"}, {"q": "0.0015", "p": "65825.0", "T": 1712142394080, "m": false, "s": "BTC-USDT"}, {"q": "0.0020", "p": "65825.0", "T": 1712142394080, "m": false, "s": "BTC-USDT"}, {"q": "0.0001", "p": "65825.6", "T": 1712142394080, "m": false, "s": "BTC-USDT"}, {"q": "0.0060", "p": "65827.0", "T": 1712142394080, "m": false, "s": "BTC-USDT"}, {"q": "0.0104", "p": "65827.2", "T": 1712142394080, "m": false, "s": "BTC-USDT"}], "_doc": "e81ee34f-59c9-419f-bf20-6c8158387ac4"}, {"code": 0, "dataType": "BTC-USDT@trade", "data": [{"q": "0.0189", "p": "65827.2", "T": 1712142393598, "m": false, "s": "BTC-USDT"}, {"q": "0.0025", "p": "65828.7", "T": 1712142393598, "m": true, "s": "BTC-USDT"}, {"q": "0.0009", "p": "65827.2", "T": 1712142393598, "m": false, "s": "BTC-USDT"}, {"q": "0.0011", "p": "65827.2", "T": 1712142393598, "m": false, "s": "BTC-USDT"}, {"q": "0.0007", "p": "65828.7", "T": 1712142393598, "m": true, "s": "BTC-USDT"}, {"q": "0.0007", "p": "65827.2", "T": 1712142393598, "m": false, "s": "BTC-USDT"}, {"q": "0.0010", "p": "65827.2", "T": 1712142393597, "m": false, "s": "BTC-USDT"}, {"q": "0.0258", "p": "65828.7", "T": 1712142393597, "m": true, "s": "BTC-USDT"}, {"q": "0.0316", "p": "65828.7", "T": 1712142393597, "m": true, "s": "BTC-USDT"}, {"q": "0.0522", "p": "65827.2", "T": 1712142393597, "m": false, "s": "BTC-USDT"}, {"q": "0.0004", "p": "65827.2", "T": 1712142393597, "m": false, "s": "BTC-USDT"}, {"q": "0.0073", "p": "65827.2", "T": 1712142393597, "m": false, "s": "BTC-USDT"}, {"q": "0.0392", "p": "65827.2", "T": 1712142393597, "m": false, "s": "BTC-USDT"}, {"q": "0.0035", "p": "65827.2", "T": 1712142393597, "m": false, "s": "BTC-USDT"}, {"q": "0.0211", "p": "65828.7", "T": 1712142393597, "m": true, "s": "BTC-USDT"}, {"q": "0.0006", "p": "65827.2", "T": 1712142393597, "m": false, "s": "BTC-USDT"}, {"q": "0.0024", "p": "65827.2", "T": 1712142393596, "m": false, "s": "BTC-USDT"}], "_doc": "78e63cce-68e2-4973-bb5f-244571b2f905"}, {"code": 0, "dataType": "BTC-USDT@trade", "data": [{"q": "0.0189", "p": "65827.2", "T": 1712142393598, "m": false, "s": "BTC-USDT"}, {"q": "0.0025", "p": "65828.7", "T": 1712142393598, "m": true, "s": "BTC-USDT"}, {"q": "0.0009", "p": "65827.2", "T": 1712142393598, "m": false, "s": "BTC-USDT"}, {"q": "0.0011", "p": "65827.2", "T": 1712142393598, "m": false, "s": "BTC-USDT"}, {"q": "0.0007", "p": "65828.7", "T": 1712142393598, "m": true, "s": "BTC-USDT"}, {"q": "0.0007", "p": "65827.2", "T": 1712142393598, "m": false, "s": "BTC-USDT"}, {"q": "0.0010", "p": "65827.2", "T": 1712142393597, "m": false, "s": "BTC-USDT"}, {"q": "0.0258", "p": "65828.7", "T": 1712142393597, "m": true, "s": "BTC-USDT"}, {"q": "0.0316", "p": "65828.7", "T": 1712142393597, "m": true, "s": "BTC-USDT"}, {"q": "0.0522", "p": "65827.2", "T": 1712142393597, "m": false, "s": "BTC-USDT"}, {"q": "0.0004", "p": "65827.2", "T": 1712142393597, "m": false, "s": "BTC-USDT"}, {"q": "0.0073", "p": "65827.2", "T": 1712142393597, "m": false, "s": "BTC-USDT"}, {"q": "0.0392", "p": "65827.2", "T": 1712142393597, "m": false, "s": "BTC-USDT"}, {"q": "0.0035", "p": "65827.2", "T": 1712142393597, "m": false, "s": "BTC-USDT"}, {"q": "0.0211", "p": "65828.7", "T": 1712142393597, "m": true, "s": "BTC-USDT"}, {"q": "0.0006", "p": "65827.2", "T": 1712142393597, "m": false, "s": "BTC-USDT"}, {"q": "0.0024", "p": "65827.2", "T": 1712142393596, "m": false, "s": "BTC-USDT"}, {"q": "0.0079", "p": "65827.2", "T": 1712142393419, "m": false, "s": "BTC-USDT"}, {"q": "0.0002", "p": "65827.2", "T": 1712142393419, "m": false, "s": "BTC-USDT"}, {"q": "0.0002", "p": "65827.2", "T": 1712142393419, "m": false, "s": "BTC-USDT"}, {"q": "0.0002", "p": "65827.2", "T": 1712142393419, "m": false, "s": "BTC-USDT"}, {"q": "0.0002", "p": "65827.2", "T": 1712142393419, "m": false, "s": "BTC-USDT"}, {"q": "0.0046", "p": "65827.2", "T": 1712142393419, "m": false, "s": "BTC-USDT"}, {"q": "0.0011", "p": "65827.2", "T": 1712142393419, "m": false, "s": "BTC-USDT"}, {"q": "0.0001", "p": "65827.5", "T": 1712142393409, "m": false, "s": "BTC-USDT"}, {"q": "0.0001", "p": "65827.5", "T": 1712142393409, "m": false, "s": "BTC-USDT"}, {"q": "0.0020", "p": "65829.5", "T": 1712142393409, "m": false, "s": "BTC-USDT"}, {"q": "0.8840", "p": "65832.6", "T": 1712142393366, "m": false, "s": "BTC-USDT"}, {"q": "0.0001", "p": "65829.5", "T": 1712142393333, "m": false, "s": "BTC-USDT"}, {"q": "0.0143", "p": "65829.5", "T": 1712142393332, "m": false, "s": "BTC-USDT"}, {"q": "0.0036", "p": "65832.8", "T": 1712142393332, "m": true, "s": "BTC-USDT"}, {"q": "0.4900", "p": "65831.3", "T": 1712142393331, "m": false, "s": "BTC-USDT"}, {"q": "0.0180", "p": "65834.8", "T": 1712142393331, "m": true, "s": "BTC-USDT"}, {"q": "0.0001", "p": "65831.3", "T": 1712142393331, "m": false, "s": "BTC-USDT"}, {"q": "0.0445", "p": "65831.3", "T": 1712142393331, "m": false, "s": "BTC-USDT"}, {"q": "0.0007", "p": "65831.3", "T": 1712142393331, "m": false, "s": "BTC-USDT"}, {"q": "0.0104", "p": "65831.3", "T": 1712142393331, "m": false, "s": "BTC-USDT"}, {"q": "0.0075", "p": "65831.3", "T": 1712142393331, "m": false, "s": "BTC-USDT"}, {"q": "0.0034", "p": "65831.3", "T": 1712142393330, "m": false, "s": "BTC-USDT"}, {"q": "0.0005", "p": "65831.3", "T": 1712142393330, "m": false, "s": "BTC-USDT"}, {"q": "0.8850", "p": "65834.8", "T": 1712142393329, "m": true, "s": "BTC-USDT"}, {"q": "0.0046", "p": "65832.2", "T": 1712142393150, "m": false, "s": "BTC-USDT"}, {"q": "0.0012", "p": "65835.7", "T": 1712142393150, "m": true, "s": "BTC-USDT"}, {"q": "0.0135", "p": "65832.2", "T": 1712142393149, "m": false, "s": "BTC-USDT"}, {"q": "0.1057", "p": "65832.2", "T": 1712142393149, "m": false, "s": "BTC-USDT"}, {"q": "0.0076", "p": "65835.7", "T": 1712142393149, "m": true, "s": "BTC-USDT"}, {"q": "0.0040", "p": "65832.2", "T": 1712142393147, "m": false, "s": "BTC-USDT"}, {"q": "0.0170", "p": "65835.5", "T": 1712142392964, "m": false, "s": "BTC-USDT"}, {"q": "0.0200", "p": "65832.2", "T": 1712142392955, "m": false, "s": "BTC-USDT"}], "_doc": "500bf994-33f0-444e-970a-e30739924d69"}, {"code": 0, "dataType": "BTC-USDT@trade", "data": [{"q": "0.0007", "p": "65849.1", "T": 1712142392404, "m": true, "s": "BTC-USDT"}, {"q": "0.0353", "p": "65849.9", "T": 1712142392398, "m": false, "s": "BTC-USDT"}, {"q": "0.0001", "p": "65847.3", "T": 1712142392398, "m": false, "s": "BTC-USDT"}, {"q": "0.0009", "p": "65850.3", "T": 1712142392398, "m": true, "s": "BTC-USDT"}, {"q": "0.0003", "p": "65847.3", "T": 1712142392398, "m": false, "s": "BTC-USDT"}, {"q": "0.0022", "p": "65847.3", "T": 1712142392398, "m": false, "s": "BTC-USDT"}, {"q": "0.0089", "p": "65847.3", "T": 1712142392398, "m": false, "s": "BTC-USDT"}, {"q": "0.0189", "p": "65847.3", "T": 1712142392398, "m": false, "s": "BTC-USDT"}, {"q": "0.0335", "p": "65847.3", "T": 1712142392398, "m": false, "s": "BTC-USDT"}, {"q": "0.0001", "p": "65847.6", "T": 1712142392398, "m": false, "s": "BTC-USDT"}, {"q": "0.0001", "p": "65848.0", "T": 1712142392398, "m": false, "s": "BTC-USDT"}, {"q": "0.0002", "p": "65848.0", "T": 1712142392398, "m": false, "s": "BTC-USDT"}, {"q": "0.0023", "p": "65848.0", "T": 1712142392398, "m": false, "s": "BTC-USDT"}, {"q": "0.0001", "p": "65848.5", "T": 1712142392398, "m": false, "s": "BTC-USDT"}, {"q": "0.0047", "p": "65849.9", "T": 1712142392398, "m": false, "s": "BTC-USDT"}, {"q": "0.0001", "p": "65849.9", "T": 1712142392397, "m": false, "s": "BTC-USDT"}, {"q": "0.0246", "p": "65849.9", "T": 1712142392397, "m": false, "s": "BTC-USDT"}, {"q": "0.0104", "p": "65849.9", "T": 1712142392397, "m": false, "s": "BTC-USDT"}, {"q": "0.0921", "p": "65849.9", "T": 1712142392397, "m": false, "s": "BTC-USDT"}, {"q": "0.0089", "p": "65850.0", "T": 1712142392397, "m": false, "s": "BTC-USDT"}, {"q": "0.0030", "p": "65850.0", "T": 1712142392397, "m": false, "s": "BTC-USDT"}, {"q": "0.0127", "p": "65850.0", "T": 1712142392397, "m": false, "s": "BTC-USDT"}, {"q": "0.0381", "p": "65850.0", "T": 1712142392397, "m": false, "s": "BTC-USDT"}, {"q": "0.0002", "p": "65850.0", "T": 1712142392397, "m": false, "s": "BTC-USDT"}, {"q": "0.0001", "p": "65850.0", "T": 1712142392397, "m": false, "s": "BTC-USDT"}, {"q": "0.0051", "p": "65850.0", "T": 1712142392397, "m": false, "s": "BTC-USDT"}, {"q": "0.0015", "p": "65850.0", "T": 1712142392210, "m": false, "s": "BTC-USDT"}, {"q": "0.3196", "p": "65850.2", "T": 1712142392164, "m": true, "s": "BTC-USDT"}, {"q": "0.0085", "p": "65850.0", "T": 1712142392159, "m": false, "s": "BTC-USDT"}, {"q": "0.0001", "p": "65850.0", "T": 1712142392159, "m": false, "s": "BTC-USDT"}, {"q": "0.0001", "p": "65850.0", "T": 1712142392159, "m": false, "s": "BTC-USDT"}, {"q": "0.0001", "p": "65850.0", "T": 1712142392159, "m": false, "s": "BTC-USDT"}, {"q": "0.0001", "p": "65850.2", "T": 1712142392142, "m": false, "s": "BTC-USDT"}, {"q": "0.0001", "p": "65852.0", "T": 1712142392142, "m": false, "s": "BTC-USDT"}, {"q": "0.0004", "p": "65853.6", "T": 1712142392142, "m": false, "s": "BTC-USDT"}, {"q": "0.0001", "p": "65854.5", "T": 1712142392142, "m": false, "s": "BTC-USDT"}, {"q": "0.0001", "p": "65855.0", "T": 1712142392142, "m": false, "s": "BTC-USDT"}, {"q": "0.0002", "p": "65855.0", "T": 1712142392142, "m": false, "s": "BTC-USDT"}, {"q": "0.0001", "p": "65855.2", "T": 1712142392142, "m": false, "s": "BTC-USDT"}, {"q": "0.0002", "p": "65855.3", "T": 1712142392142, "m": false, "s": "BTC-USDT"}, {"q": "0.0017", "p": "65855.5", "T": 1712142392142, "m": false, "s": "BTC-USDT"}, {"q": "0.0120", "p": "65856.0", "T": 1712142392142, "m": false, "s": "BTC-USDT"}, {"q": "0.0001", "p": "65856.0", "T": 1712142392142, "m": false, "s": "BTC-USDT"}, {"q": "0.0003", "p": "65856.7", "T": 1712142392139, "m": false, "s": "BTC-USDT"}, {"q": "0.0001", "p": "65856.8", "T": 1712142392139, "m": false, "s": "BTC-USDT"}, {"q": "0.0001", "p": "65857.1", "T": 1712142392139, "m": false, "s": "BTC-USDT"}, {"q": "0.0001", "p": "65857.1", "T": 1712142392139, "m": false, "s": "BTC-USDT"}, {"q": "0.0030", "p": "65859.0", "T": 1712142392139, "m": false, "s": "BTC-USDT"}, {"q": "0.0018", "p": "65860.0", "T": 1712142392139, "m": false, "s": "BTC-USDT"}, {"q": "0.0035", "p": "65860.0", "T": 1712142392139, "m": false, "s": "BTC-USDT"}], "_doc": "74a2e6c0-52ae-48b8-8f8f-49994ba3cb11"}, {"code": 0, "dataType": "BTC-USDT@trade", "data": [{"q": "0.0013", "p": "65860.0", "T": 1712142391955, "m": false, "s": "BTC-USDT"}, {"q": "0.0011", "p": "65860.0", "T": 1712142391955, "m": false, "s": "BTC-USDT"}, {"q": "0.0001", "p": "65860.7", "T": 1712142391955, "m": false, "s": "BTC-USDT"}, {"q": "0.0002", "p": "65860.8", "T": 1712142391955, "m": false, "s": "BTC-USDT"}, {"q": "0.0001", "p": "65861.8", "T": 1712142391955, "m": false, "s": "BTC-USDT"}, {"q": "0.0010", "p": "65862.0", "T": 1712142391948, "m": false, "s": "BTC-USDT"}, {"q": "0.0001", "p": "65862.8", "T": 1712142391948, "m": false, "s": "BTC-USDT"}, {"q": "0.0007", "p": "65863.0", "T": 1712142391948, "m": false, "s": "BTC-USDT"}, {"q": "0.0001", "p": "65864.8", "T": 1712142391947, "m": false, "s": "BTC-USDT"}, {"q": "0.0001", "p": "65864.8", "T": 1712142391947, "m": false, "s": "BTC-USDT"}, {"q": "0.0010", "p": "65866.4", "T": 1712142391947, "m": false, "s": "BTC-USDT"}, {"q": "0.0008", "p": "65867.9", "T": 1712142391947, "m": false, "s": "BTC-USDT"}, {"q": "0.0001", "p": "65868.3", "T": 1712142391947, "m": false, "s": "BTC-USDT"}, {"q": "0.0001", "p": "65868.5", "T": 1712142391947, "m": false, "s": "BTC-USDT"}, {"q": "0.0002", "p": "65869.2", "T": 1712142391947, "m": false, "s": "BTC-USDT"}, {"q": "0.0001", "p": "65869.4", "T": 1712142391947, "m": false, "s": "BTC-USDT"}, {"q": "0.0001", "p": "65870.0", "T": 1712142391947, "m": false, "s": "BTC-USDT"}, {"q": "0.0461", "p": "65870.0", "T": 1712142391947, "m": false, "s": "BTC-USDT"}, {"q": "0.0001", "p": "65870.0", "T": 1712142391947, "m": false, "s": "BTC-USDT"}, {"q": "0.0003", "p": "65871.5", "T": 1712142391908, "m": false, "s": "BTC-USDT"}, {"q": "0.0001", "p": "65871.5", "T": 1712142391908, "m": false, "s": "BTC-USDT"}, {"q": "0.0007", "p": "65871.5", "T": 1712142391908, "m": false, "s": "BTC-USDT"}, {"q": "0.0001", "p": "65871.5", "T": 1712142391908, "m": false, "s": "BTC-USDT"}, {"q": "0.0003", "p": "65871.5", "T": 1712142391908, "m": false, "s": "BTC-USDT"}, {"q": "0.0001", "p": "65871.5", "T": 1712142391908, "m": false, "s": "BTC-USDT"}, {"q": "0.0002", "p": "65871.5", "T": 1712142391908, "m": false, "s": "BTC-USDT"}, {"q": "0.0006", "p": "65871.5", "T": 1712142391908, "m": false, "s": "BTC-USDT"}, {"q": "0.0248", "p": "65872.0", "T": 1712142391908, "m": false, "s": "BTC-USDT"}, {"q": "0.0017", "p": "65872.0", "T": 1712142391908, "m": false, "s": "BTC-USDT"}, {"q": "0.0006", "p": "65872.1", "T": 1712142391908, "m": false, "s": "BTC-USDT"}, {"q": "0.0001", "p": "65872.4", "T": 1712142391908, "m": false, "s": "BTC-USDT"}, {"q": "0.0019", "p": "65872.4", "T": 1712142391908, "m": false, "s": "BTC-USDT"}, {"q": "0.0004", "p": "65872.4", "T": 1712142391908, "m": false, "s": "BTC-USDT"}, {"q": "0.0001", "p": "65872.4", "T": 1712142391907, "m": false, "s": "BTC-USDT"}, {"q": "0.0001", "p": "65872.4", "T": 1712142391907, "m": false, "s": "BTC-USDT"}, {"q": "0.0001", "p": "65872.4", "T": 1712142391907, "m": false, "s": "BTC-USDT"}, {"q": "0.0015", "p": "65872.4", "T": 1712142391907, "m": false, "s": "BTC-USDT"}, {"q": "0.0039", "p": "65872.4", "T": 1712142391907, "m": false, "s": "BTC-USDT"}, {"q": "0.0002", "p": "65872.4", "T": 1712142391907, "m": false, "s": "BTC-USDT"}, {"q": "0.0002", "p": "65872.4", "T": 1712142391907, "m": false, "s": "BTC-USDT"}, {"q": "0.0005", "p": "65872.4", "T": 1712142391907, "m": false, "s": "BTC-USDT"}, {"q": "0.0003", "p": "65872.4", "T": 1712142391907, "m": false, "s": "BTC-USDT"}, {"q": "0.0001", "p": "65872.4", "T": 1712142391907, "m": false, "s": "BTC-USDT"}, {"q": "0.0001", "p": "65872.4", "T": 1712142391907, "m": false, "s": "BTC-USDT"}, {"q": "0.0001", "p": "65872.4", "T": 1712142391907, "m": false, "s": "BTC-USDT"}, {"q": "8.4344", "p": "65873.6", "T": 1712142391907, "m": false, "s": "BTC-USDT"}, {"q": "0.0050", "p": "65873.6", "T": 1712142391897, "m": false, "s": "BTC-USDT"}, {"q": "0.0929", "p": "65873.6", "T": 1712142391843, "m": false, "s": "BTC-USDT"}, {"q": "0.2057", "p": "65873.6", "T": 1712142391843, "m": false, "s": "BTC-USDT"}, {"q": "0.7190", "p": "65873.7", "T": 1712142391842, "m": true, "s": "BTC-USDT"}], "_doc": "5f808860-91bf-4eb5-a8c5-0fcaa64adbef"}, {"code": 0, "dataType": "BTC-USDT@trade", "data": [{"q": "0.5247", "p": "65874.5", "T": 1712142390991, "m": true, "s": "BTC-USDT"}], "_doc": "1b5bf792-9e8a-49a7-b249-60ecbfba9e6e"}, {"code": 0, "dataType": "BTC-USDT@trade", "data": [{"q": "0.5247", "p": "65874.5", "T": 1712142390991, "m": true, "s": "BTC-USDT"}, {"q": "1.1083", "p": "65874.6", "T": 1712142390931, "m": true, "s": "BTC-USDT"}, {"q": "0.0001", "p": "65874.6", "T": 1712142390931, "m": false, "s": "BTC-USDT"}, {"q": "0.0001", "p": "65875.0", "T": 1712142390931, "m": false, "s": "BTC-USDT"}, {"q": "0.0001", "p": "65875.0", "T": 1712142390931, "m": false, "s": "BTC-USDT"}, {"q": "0.0003", "p": "65875.0", "T": 1712142390931, "m": false, "s": "BTC-USDT"}, {"q": "0.0029", "p": "65877.1", "T": 1712142390929, "m": false, "s": "BTC-USDT"}, {"q": "0.1012", "p": "65878.7", "T": 1712142390929, "m": true, "s": "BTC-USDT"}, {"q": "0.0199", "p": "65877.1", "T": 1712142390928, "m": false, "s": "BTC-USDT"}, {"q": "0.0078", "p": "65877.1", "T": 1712142390767, "m": false, "s": "BTC-USDT"}, {"q": "0.0048", "p": "65877.6", "T": 1712142390767, "m": false, "s": "BTC-USDT"}, {"q": "0.0001", "p": "65877.8", "T": 1712142390767, "m": false, "s": "BTC-USDT"}, {"q": "0.0001", "p": "65877.8", "T": 1712142390767, "m": false, "s": "BTC-USDT"}, {"q": "0.0001", "p": "65877.8", "T": 1712142390767, "m": false, "s": "BTC-USDT"}, {"q": "0.0001", "p": "65877.8", "T": 1712142390767, "m": false, "s": "BTC-USDT"}, {"q": "0.0007", "p": "65877.8", "T": 1712142390767, "m": false, "s": "BTC-USDT"}, {"q": "0.0001", "p": "65877.8", "T": 1712142390767, "m": false, "s": "BTC-USDT"}, {"q": "0.0001", "p": "65877.8", "T": 1712142390767, "m": false, "s": "BTC-USDT"}, {"q": "0.0001", "p": "65877.8", "T": 1712142390767, "m": false, "s": "BTC-USDT"}, {"q": "0.0001", "p": "65877.8", "T": 1712142390767, "m": false, "s": "BTC-USDT"}, {"q": "0.0001", "p": "65877.8", "T": 1712142390767, "m": false, "s": "BTC-USDT"}, {"q": "0.0001", "p": "65877.8", "T": 1712142390767, "m": false, "s": "BTC-USDT"}, {"q": "0.0001", "p": "65877.8", "T": 1712142390767, "m": false, "s": "BTC-USDT"}, {"q": "0.0001", "p": "65877.8", "T": 1712142390767, "m": false, "s": "BTC-USDT"}, {"q": "0.0001", "p": "65877.8", "T": 1712142390767, "m": false, "s": "BTC-USDT"}, {"q": "0.0001", "p": "65877.8", "T": 1712142390767, "m": false, "s": "BTC-USDT"}, {"q": "0.0057", "p": "65878.7", "T": 1712142390767, "m": true, "s": "BTC-USDT"}, {"q": "0.0002", "p": "65878.6", "T": 1712142390766, "m": false, "s": "BTC-USDT"}, {"q": "0.0123", "p": "65882.0", "T": 1712142390481, "m": false, "s": "BTC-USDT"}], "_doc": "c2c878d8-84ea-4603-8233-98ac80b39e4f"}, {"code": 0, "dataType": "BTC-USDT@trade", "data": [{"q": "0.0003", "p": "65883.6", "T": 1712142390303, "m": true, "s": "BTC-USDT"}, {"q": "0.0007", "p": "65882.0", "T": 1712142390286, "m": false, "s": "BTC-USDT"}, {"q": "0.0116", "p": "65883.6", "T": 1712142390259, "m": true, "s": "BTC-USDT"}, {"q": "0.0053", "p": "65883.6", "T": 1712142390259, "m": true, "s": "BTC-USDT"}, {"q": "0.0007", "p": "65882.0", "T": 1712142390189, "m": false, "s": "BTC-USDT"}, {"q": "0.5141", "p": "65882.2", "T": 1712142389981, "m": true, "s": "BTC-USDT"}], "_doc": "53e21ceb-e49c-4d14-a433-6ae74c60abc2"}, {"code": 0, "dataType": "BTC-USDT@trade", "data": [{"q": "0.3209", "p": "65878.7", "T": 1712142389690, "m": false, "s": "BTC-USDT"}, {"q": "0.0609", "p": "65880.9", "T": 1712142389688, "m": false, "s": "BTC-USDT"}], "_doc": "a01f4b93-c57e-477d-b484-9bca7a1dc96a"}, {"code": 0, "dataType": "BTC-USDT@trade", "data": [{"q": "0.3209", "p": "65878.7", "T": 1712142389690, "m": false, "s": "BTC-USDT"}, {"q": "0.0609", "p": "65880.9", "T": 1712142389688, "m": false, "s": "BTC-USDT"}, {"q": "0.0293", "p": "65878.7", "T": 1712142389386, "m": false, "s": "BTC-USDT"}, {"q": "0.0365", "p": "65878.8", "T": 1712142389386, "m": false, "s": "BTC-USDT"}, {"q": "0.0151", "p": "65878.8", "T": 1712142389386, "m": false, "s": "BTC-USDT"}, {"q": "0.0134", "p": "65878.9", "T": 1712142389386, "m": false, "s": "BTC-USDT"}, {"q": "0.0110", "p": "65879.0", "T": 1712142389386, "m": false, "s": "BTC-USDT"}, {"q": "0.0028", "p": "65879.1", "T": 1712142389386, "m": false, "s": "BTC-USDT"}, {"q": "0.0026", "p": "65879.2", "T": 1712142389386, "m": false, "s": "BTC-USDT"}, {"q": "0.0031", "p": "65879.3", "T": 1712142389386, "m": false, "s": "BTC-USDT"}, {"q": "0.0093", "p": "65879.4", "T": 1712142389386, "m": false, "s": "BTC-USDT"}, {"q": "0.0116", "p": "65879.5", "T": 1712142389386, "m": false, "s": "BTC-USDT"}, {"q": "0.8319", "p": "65879.6", "T": 1712142389386, "m": false, "s": "BTC-USDT"}, {"q": "0.1722", "p": "65880.6", "T": 1712142389386, "m": true, "s": "BTC-USDT"}, {"q": "0.0042", "p": "65881.2", "T": 1712142389386, "m": true, "s": "BTC-USDT"}, {"q": "0.0372", "p": "65879.6", "T": 1712142389386, "m": false, "s": "BTC-USDT"}, {"q": "0.3090", "p": "65879.6", "T": 1712142389386, "m": false, "s": "BTC-USDT"}, {"q": "0.0112", "p": "65879.6", "T": 1712142389386, "m": false, "s": "BTC-USDT"}, {"q": "0.0023", "p": "65879.6", "T": 1712142389385, "m": false, "s": "BTC-USDT"}, {"q": "0.0005", "p": "65880.0", "T": 1712142389385, "m": false, "s": "BTC-USDT"}, {"q": "0.0013", "p": "65880.0", "T": 1712142389385, "m": false, "s": "BTC-USDT"}, {"q": "0.0001", "p": "65880.0", "T": 1712142389385, "m": false, "s": "BTC-USDT"}, {"q": "0.0028", "p": "65880.5", "T": 1712142389212, "m": false, "s": "BTC-USDT"}, {"q": "0.0001", "p": "65880.5", "T": 1712142389126, "m": false, "s": "BTC-USDT"}, {"q": "0.0068", "p": "65880.1", "T": 1712142389125, "m": false, "s": "BTC-USDT"}, {"q": "0.0413", "p": "65880.1", "T": 1712142388958, "m": false, "s": "BTC-USDT"}], "_doc": "44ffa246-5364-41cb-bae4-0e377f9298f8"}, {"code": 0, "dataType": "BTC-USDT@trade", "data": [{"q": "0.1374", "p": "65881.8", "T": 1712142388831, "m": false, "s": "BTC-USDT"}, {"q": "0.0849", "p": "65881.9", "T": 1712142388566, "m": false, "s": "BTC-USDT"}, {"q": "0.1302", "p": "65881.9", "T": 1712142388530, "m": false, "s": "BTC-USDT"}, {"q": "0.0004", "p": "65883.5", "T": 1712142388529, "m": true, "s": "BTC-USDT"}], "_doc": "af201c2e-7cbd-4004-a396-9b147457689b"}, {"code": 0, "dataType": "BTC-USDT@trade", "data": [{"q": "0.1374", "p": "65881.8", "T": 1712142388831, "m": false, "s": "BTC-USDT"}, {"q": "0.0849", "p": "65881.9", "T": 1712142388566, "m": false, "s": "BTC-USDT"}, {"q": "0.1302", "p": "65881.9", "T": 1712142388530, "m": false, "s": "BTC-USDT"}, {"q": "0.0004", "p": "65883.5", "T": 1712142388529, "m": true, "s": "BTC-USDT"}, {"q": "0.0015", "p": "65881.9", "T": 1712142388340, "m": false, "s": "BTC-USDT"}, {"q": "0.0030", "p": "65881.9", "T": 1712142388340, "m": false, "s": "BTC-USDT"}, {"q": "0.0002", "p": "65883.5", "T": 1712142388339, "m": true, "s": "BTC-USDT"}, {"q": "0.0499", "p": "65881.9", "T": 1712142388226, "m": false, "s": "BTC-USDT"}, {"q": "0.0207", "p": "65881.9", "T": 1712142388226, "m": false, "s": "BTC-USDT"}, {"q": "0.0046", "p": "65881.9", "T": 1712142388225, "m": false, "s": "BTC-USDT"}, {"q": "0.0125", "p": "65881.9", "T": 1712142388062, "m": false, "s": "BTC-USDT"}, {"q": "1.0269", "p": "65883.3", "T": 1712142388062, "m": false, "s": "BTC-USDT"}, {"q": "0.0004", "p": "65883.5", "T": 1712142388062, "m": true, "s": "BTC-USDT"}, {"q": "0.0184", "p": "65881.9", "T": 1712142388062, "m": false, "s": "BTC-USDT"}, {"q": "0.6907", "p": "65881.9", "T": 1712142388061, "m": false, "s": "BTC-USDT"}, {"q": "0.0010", "p": "65882.0", "T": 1712142388061, "m": false, "s": "BTC-USDT"}, {"q": "0.0007", "p": "65882.0", "T": 1712142388061, "m": false, "s": "BTC-USDT"}, {"q": "0.0018", "p": "65882.0", "T": 1712142388061, "m": false, "s": "BTC-USDT"}], "_doc": "fbd233d3-9ddf-41fa-bba7-4ae2aabded80"}, {"code": 0, "dataType": "BTC-USDT@trade", "data": [{"q": "0.0125", "p": "65881.9", "T": 1712142388062, "m": false, "s": "BTC-USDT"}, {"q": "1.0269", "p": "65883.3", "T": 1712142388062, "m": false, "s": "BTC-USDT"}, {"q": "0.0004", "p": "65883.5", "T": 1712142388062, "m": true, "s": "BTC-USDT"}, {"q": "0.0184", "p": "65881.9", "T": 1712142388062, "m": false, "s": "BTC-USDT"}, {"q": "0.6907", "p": "65881.9", "T": 1712142388061, "m": false, "s": "BTC-USDT"}, {"q": "0.0010", "p": "65882.0", "T": 1712142388061, "m": false, "s": "BTC-USDT"}, {"q": "0.0007", "p": "65882.0", "T": 1712142388061, "m": false, "s": "BTC-USDT"}, {"q": "0.0018", "p": "65882.0", "T": 1712142388061, "m": false, "s": "BTC-USDT"}, {"q": "0.0001", "p": "65883.8", "T": 1712142387928, "m": true, "s": "BTC-USDT"}, {"q": "0.4775", "p": "65882.2", "T": 1712142387927, "m": false, "s": "BTC-USDT"}, {"q": "0.0053", "p": "65883.8", "T": 1712142387927, "m": true, "s": "BTC-USDT"}, {"q": "0.1020", "p": "65883.7", "T": 1712142387927, "m": true, "s": "BTC-USDT"}, {"q": "0.0292", "p": "65883.8", "T": 1712142387927, "m": true, "s": "BTC-USDT"}, {"q": "0.1499", "p": "65882.2", "T": 1712142387927, "m": false, "s": "BTC-USDT"}, {"q": "0.0115", "p": "65882.4", "T": 1712142387923, "m": false, "s": "BTC-USDT"}, {"q": "0.0437", "p": "65882.4", "T": 1712142387777, "m": false, "s": "BTC-USDT"}, {"q": "0.0001", "p": "65882.6", "T": 1712142387777, "m": false, "s": "BTC-USDT"}, {"q": "0.0011", "p": "65882.6", "T": 1712142387777, "m": false, "s": "BTC-USDT"}, {"q": "0.0263", "p": "65882.8", "T": 1712142387777, "m": false, "s": "BTC-USDT"}, {"q": "0.0002", "p": "65883.3", "T": 1712142387777, "m": false, "s": "BTC-USDT"}, {"q": "0.0027", "p": "65884.0", "T": 1712142387777, "m": false, "s": "BTC-USDT"}, {"q": "0.0008", "p": "65885.9", "T": 1712142387611, "m": false, "s": "BTC-USDT"}, {"q": "0.0009", "p": "65886.0", "T": 1712142387611, "m": false, "s": "BTC-USDT"}, {"q": "0.0007", "p": "65886.3", "T": 1712142387611, "m": false, "s": "BTC-USDT"}, {"q": "0.5632", "p": "65886.4", "T": 1712142387611, "m": true, "s": "BTC-USDT"}, {"q": "0.1741", "p": "65886.4", "T": 1712142387611, "m": true, "s": "BTC-USDT"}, {"q": "0.0001", "p": "65888.0", "T": 1712142387610, "m": false, "s": "BTC-USDT"}, {"q": "0.3362", "p": "65889.0", "T": 1712142387609, "m": true, "s": "BTC-USDT"}], "_doc": "d12539a8-ba52-4603-a543-c4a29a31e13c"}, {"code": 0, "dataType": "BTC-USDT@trade", "data": [{"q": "1.2190", "p": "65892.1", "T": 1712142386998, "m": true, "s": "BTC-USDT"}, {"q": "0.0126", "p": "65892.2", "T": 1712142386998, "m": true, "s": "BTC-USDT"}, {"q": "0.0301", "p": "65888.8", "T": 1712142386997, "m": false, "s": "BTC-USDT"}, {"q": "0.0126", "p": "65890.8", "T": 1712142386997, "m": true, "s": "BTC-USDT"}, {"q": "0.0142", "p": "65892.0", "T": 1712142386995, "m": true, "s": "BTC-USDT"}], "_doc": "087bb6d5-3f33-44f1-bec4-a74aa766da1d"}, {"code": 0, "dataType": "BTC-USDT@trade", "data": [{"q": "1.2190", "p": "65892.1", "T": 1712142386998, "m": true, "s": "BTC-USDT"}, {"q": "0.0126", "p": "65892.2", "T": 1712142386998, "m": true, "s": "BTC-USDT"}, {"q": "0.0301", "p": "65888.8", "T": 1712142386997, "m": false, "s": "BTC-USDT"}, {"q": "0.0126", "p": "65890.8", "T": 1712142386997, "m": true, "s": "BTC-USDT"}, {"q": "0.0142", "p": "65892.0", "T": 1712142386995, "m": true, "s": "BTC-USDT"}, {"q": "0.0530", "p": "65890.7", "T": 1712142386877, "m": false, "s": "BTC-USDT"}, {"q": "0.5205", "p": "65890.9", "T": 1712142386576, "m": true, "s": "BTC-USDT"}, {"q": "0.0059", "p": "65890.7", "T": 1712142386576, "m": false, "s": "BTC-USDT"}], "_doc": "e116e483-41a4-4fe3-b7bf-2a1b347b7ee5"}, {"code": 0, "dataType": "BTC-USDT@trade", "data": [{"q": "0.0518", "p": "65889.5", "T": 1712142386408, "m": true, "s": "BTC-USDT"}, {"q": "0.0043", "p": "65888.4", "T": 1712142386408, "m": false, "s": "BTC-USDT"}, {"q": "0.0387", "p": "65888.4", "T": 1712142386408, "m": false, "s": "BTC-USDT"}, {"q": "0.0042", "p": "65892.9", "T": 1712142386406, "m": true, "s": "BTC-USDT"}], "_doc": "2c38dae3-08c5-4ac5-9e52-646b061ac219"}, {"code": 0, "dataType": "BTC-USDT@trade", "data": [{"q": "0.0031", "p": "65893.2", "T": 1712142385669, "m": false, "s": "BTC-USDT"}, {"q": "0.0005", "p": "65893.2", "T": 1712142385489, "m": false, "s": "BTC-USDT"}], "_doc": "e4fc674b-3423-4f46-a1ce-a68974be4f42"}, {"code": 0, "dataType": "BTC-USDT@trade", "data": [{"q": "0.0031", "p": "65893.2", "T": 1712142385669, "m": false, "s": "BTC-USDT"}, {"q": "0.0005", "p": "65893.2", "T": 1712142385489, "m": false, "s": "BTC-USDT"}, {"q": "0.2921", "p": "65894.3", "T": 1712142385374, "m": true, "s": "BTC-USDT"}, {"q": "0.9826", "p": "65894.3", "T": 1712142385194, "m": false, "s": "BTC-USDT"}, {"q": "0.0500", "p": "65893.7", "T": 1712142385193, "m": false, "s": "BTC-USDT"}, {"q": "0.0095", "p": "65893.7", "T": 1712142385192, "m": false, "s": "BTC-USDT"}], "_doc": "5102e3c5-b0f1-4754-82b8-c7671a2f3f7c"}, {"code": 0, "dataType": "BTC-USDT@trade", "data": [{"q": "0.0031", "p": "65895.4", "T": 1712142384917, "m": true, "s": "BTC-USDT"}, {"q": "0.0221", "p": "65895.2", "T": 1712142384766, "m": false, "s": "BTC-USDT"}, {"q": "0.0001", "p": "65895.4", "T": 1712142384746, "m": true, "s": "BTC-USDT"}, {"q": "0.0036", "p": "65895.4", "T": 1712142384628, "m": true, "s": "BTC-USDT"}], "_doc": "11edda28-933c-4884-a2cd-324d49ac0dfa"}, {"code": 0, "dataType": "BTC-USDT@trade", "data": [{"q": "0.0031", "p": "65895.4", "T": 1712142384917, "m": true, "s": "BTC-USDT"}, {"q": "0.0221", "p": "65895.2", "T": 1712142384766, "m": false, "s": "BTC-USDT"}, {"q": "0.0001", "p": "65895.4", "T": 1712142384746, "m": true, "s": "BTC-USDT"}, {"q": "0.0036", "p": "65895.4", "T": 1712142384628, "m": true, "s": "BTC-USDT"}, {"q": "0.0152", "p": "65894.0", "T": 1712142384323, "m": false, "s": "BTC-USDT"}], "_doc": "f3daebd0-5146-4eba-9475-6acae5c3b248"}, {"code": 0, "dataType": "BTC-USDT@trade", "data": [{"q": "0.0032", "p": "65896.6", "T": 1712142383878, "m": true, "s": "BTC-USDT"}, {"q": "0.3348", "p": "65896.5", "T": 1712142383877, "m": true, "s": "BTC-USDT"}, {"q": "0.2220", "p": "65896.4", "T": 1712142383876, "m": false, "s": "BTC-USDT"}, {"q": "0.0760", "p": "65899.4", "T": 1712142383722, "m": true, "s": "BTC-USDT"}, {"q": "0.0016", "p": "65897.7", "T": 1712142383721, "m": false, "s": "BTC-USDT"}, {"q": "0.0001", "p": "65897.7", "T": 1712142383557, "m": false, "s": "BTC-USDT"}, {"q": "0.0560", "p": "65899.4", "T": 1712142383552, "m": true, "s": "BTC-USDT"}, {"q": "0.1082", "p": "65899.4", "T": 1712142383432, "m": true, "s": "BTC-USDT"}], "_doc": "95eb147f-c1e2-4da1-a4b8-0a8f3fe76ca5"}, {"code": 0, "dataType": "BTC-USDT@trade", "data": [{"q": "0.3775", "p": "65897.7", "T": 1712142383247, "m": false, "s": "BTC-USDT"}, {"q": "0.0086", "p": "65897.7", "T": 1712142383128, "m": false, "s": "BTC-USDT"}, {"q": "0.0287", "p": "65900.0", "T": 1712142383128, "m": false, "s": "BTC-USDT"}, {"q": "0.0414", "p": "65900.1", "T": 1712142382966, "m": true, "s": "BTC-USDT"}, {"q": "0.3467", "p": "65900.1", "T": 1712142382952, "m": true, "s": "BTC-USDT"}, {"q": "0.4217", "p": "65900.4", "T": 1712142382950, "m": true, "s": "BTC-USDT"}], "_doc": "5456d808-b54d-431a-aad8-c207a5dc48f9"}, {"code": 0, "dataType": "BTC-USDT@trade", "data": [{"q": "0.3775", "p": "65897.7", "T": 1712142383247, "m": false, "s": "BTC-USDT"}, {"q": "0.0086", "p": "65897.7", "T": 1712142383128, "m": false, "s": "BTC-USDT"}, {"q": "0.0287", "p": "65900.0", "T": 1712142383128, "m": false, "s": "BTC-USDT"}, {"q": "0.0414", "p": "65900.1", "T": 1712142382966, "m": true, "s": "BTC-USDT"}, {"q": "0.3467", "p": "65900.1", "T": 1712142382952, "m": true, "s": "BTC-USDT"}, {"q": "0.4217", "p": "65900.4", "T": 1712142382950, "m": true, "s": "BTC-USDT"}, {"q": "0.0087", "p": "65900.0", "T": 1712142382818, "m": false, "s": "BTC-USDT"}, {"q": "0.0074", "p": "65901.9", "T": 1712142382674, "m": false, "s": "BTC-USDT"}, {"q": "1.1107", "p": "65902.9", "T": 1712142382673, "m": false, "s": "BTC-USDT"}, {"q": "0.0002", "p": "65903.3", "T": 1712142382520, "m": false, "s": "BTC-USDT"}], "_doc": "34e2a473-2b03-489e-8304-31df86e1f55e"}, {"code": 0, "dataType": "BTC-USDT@trade", "data": [{"q": "0.0002", "p": "65903.3", "T": 1712142382520, "m": false, "s": "BTC-USDT"}, {"q": "0.1244", "p": "65905.0", "T": 1712142382401, "m": false, "s": "BTC-USDT"}, {"q": "0.0016", "p": "65906.9", "T": 1712142382401, "m": false, "s": "BTC-USDT"}, {"q": "0.0499", "p": "65911.3", "T": 1712142382400, "m": false, "s": "BTC-USDT"}, {"q": "0.2150", "p": "65911.8", "T": 1712142381964, "m": true, "s": "BTC-USDT"}, {"q": "0.0034", "p": "65916.0", "T": 1712142381940, "m": true, "s": "BTC-USDT"}], "_doc": "0a123a13-059a-4cf5-b29d-d87eacd57b33"}, {"code": 0, "dataType": "BTC-USDT@trade", "data": [{"q": "0.1385", "p": "65916.0", "T": 1712142381170, "m": false, "s": "BTC-USDT"}, {"q": "0.1902", "p": "65914.5", "T": 1712142381033, "m": true, "s": "BTC-USDT"}], "_doc": "ca310105-2395-4b97-ae70-dbbddba77faa"}, {"code": 0, "dataType": "BTC-USDT@trade", "data": [{"q": "0.1026", "p": "65911.5", "T": 1712142380850, "m": true, "s": "BTC-USDT"}, {"q": "0.7796", "p": "65911.3", "T": 1712142380850, "m": false, "s": "BTC-USDT"}, {"q": "0.0316", "p": "65911.5", "T": 1712142380847, "m": true, "s": "BTC-USDT"}], "_doc": "6577a1c9-76b3-4d32-8845-8ca876ee7b6f"}, {"code": 0, "dataType": "BTC-USDT@trade", "data": [{"q": "0.1026", "p": "65911.5", "T": 1712142380850, "m": true, "s": "BTC-USDT"}, {"q": "0.7796", "p": "65911.3", "T": 1712142380850, "m": false, "s": "BTC-USDT"}, {"q": "0.0316", "p": "65911.5", "T": 1712142380847, "m": true, "s": "BTC-USDT"}, {"q": "0.2688", "p": "65911.5", "T": 1712142380406, "m": true, "s": "BTC-USDT"}, {"q": "0.0043", "p": "65911.5", "T": 1712142380405, "m": true, "s": "BTC-USDT"}, {"q": "0.1387", "p": "65911.3", "T": 1712142380405, "m": false, "s": "BTC-USDT"}, {"q": "0.0001", "p": "65911.3", "T": 1712142380122, "m": false, "s": "BTC-USDT"}, {"q": "0.0152", "p": "65911.4", "T": 1712142379956, "m": true, "s": "BTC-USDT"}], "_doc": "3610db25-77a9-4f05-9c90-95a2f948d884"}, {"code": 0, "dataType": "BTC-USDT@trade", "data": [{"q": "0.0152", "p": "65911.4", "T": 1712142379956, "m": true, "s": "BTC-USDT"}, {"q": "0.1575", "p": "65911.4", "T": 1712142379832, "m": true, "s": "BTC-USDT"}, {"q": "0.5649", "p": "65914.0", "T": 1712142379574, "m": false, "s": "BTC-USDT"}, {"q": "0.0001", "p": "65912.6", "T": 1712142379567, "m": false, "s": "BTC-USDT"}, {"q": "0.0539", "p": "65914.2", "T": 1712142379526, "m": true, "s": "BTC-USDT"}], "_doc": "239dfd84-58f8-4734-a4ed-54a4b5d13571"}, {"code": 0, "dataType": "BTC-USDT@trade", "data": [{"q": "0.0566", "p": "65925.0", "T": 1712142379052, "m": false, "s": "BTC-USDT"}], "_doc": "0d184801-c1ab-4461-b708-092fe89d1b2f"}, {"code": 0, "dataType": "BTC-USDT@trade", "data": [{"q": "0.0566", "p": "65925.0", "T": 1712142379052, "m": false, "s": "BTC-USDT"}, {"q": "0.0001", "p": "65925.6", "T": 1712142378831, "m": true, "s": "BTC-USDT"}, {"q": "0.8348", "p": "65925.0", "T": 1712142378778, "m": true, "s": "BTC-USDT"}, {"q": "0.0063", "p": "65924.9", "T": 1712142378588, "m": false, "s": "BTC-USDT"}], "_doc": "da9fc953-9136-41ed-9f28-7e928f1b96d1"}, {"code": 0, "dataType": "BTC-USDT@trade", "data": [{"q": "0.3028", "p": "65924.0", "T": 1712142378369, "m": false, "s": "BTC-USDT"}, {"q": "0.0283", "p": "65924.9", "T": 1712142378338, "m": true, "s": "BTC-USDT"}, {"q": "0.0011", "p": "65925.0", "T": 1712142378338, "m": false, "s": "BTC-USDT"}, {"q": "0.0531", "p": "65926.0", "T": 1712142378336, "m": true, "s": "BTC-USDT"}, {"q": "0.0450", "p": "65924.9", "T": 1712142377999, "m": true, "s": "BTC-USDT"}], "_doc": "fe18c672-6e04-42ad-a2b0-f97d8810c69a"}, {"code": 0, "dataType": "BTC-USDT@trade", "data": [{"q": "0.1600", "p": "65925.0", "T": 1712142377660, "m": true, "s": "BTC-USDT"}, {"q": "0.1600", "p": "65925.0", "T": 1712142377595, "m": true, "s": "BTC-USDT"}, {"q": "0.0052", "p": "65923.4", "T": 1712142377591, "m": false, "s": "BTC-USDT"}], "_doc": "60030eab-9fa8-4454-a1e9-31131f2e1cea"}, {"code": 0, "dataType": "BTC-USDT@trade", "data": [{"q": "0.1600", "p": "65925.0", "T": 1712142377660, "m": true, "s": "BTC-USDT"}, {"q": "0.1600", "p": "65925.0", "T": 1712142377595, "m": true, "s": "BTC-USDT"}, {"q": "0.0052", "p": "65923.4", "T": 1712142377591, "m": false, "s": "BTC-USDT"}, {"q": "0.2804", "p": "65923.6", "T": 1712142377418, "m": true, "s": "BTC-USDT"}, {"q": "0.1264", "p": "65923.0", "T": 1712142377242, "m": true, "s": "BTC-USDT"}, {"q": "0.0027", "p": "65922.9", "T": 1712142377004, "m": false, "s": "BTC-USDT"}, {"q": "0.5542", "p": "65923.0", "T": 1712142376993, "m": false, "s": "BTC-USDT"}, {"q": "0.0854", "p": "65923.1", "T": 1712142376990, "m": true, "s": "BTC-USDT"}], "_doc": "f5b30b7b-1d4e-4885-8950-521c6ca5d32d"}, {"code": 0, "dataType": "BTC-USDT@trade", "data": [{"q": "0.1126", "p": "65921.3", "T": 1712142376803, "m": true, "s": "BTC-USDT"}, {"q": "0.0200", "p": "65920.7", "T": 1712142376799, "m": true, "s": "BTC-USDT"}], "_doc": "bfa279ce-d6a5-4103-bf89-f5657066a564"}, {"code": 0, "dataType": "BTC-USDT@trade", "data": [{"q": "0.1126", "p": "65921.3", "T": 1712142376803, "m": true, "s": "BTC-USDT"}, {"q": "0.0200", "p": "65920.7", "T": 1712142376799, "m": true, "s": "BTC-USDT"}, {"q": "0.0001", "p": "65920.8", "T": 1712142376380, "m": true, "s": "BTC-USDT"}, {"q": "0.0044", "p": "65920.8", "T": 1712142376172, "m": true, "s": "BTC-USDT"}, {"q": "0.3996", "p": "65920.6", "T": 1712142376172, "m": false, "s": "BTC-USDT"}, {"q": "0.0003", "p": "65920.8", "T": 1712142376085, "m": true, "s": "BTC-USDT"}, {"q": "0.2027", "p": "65920.5", "T": 1712142376085, "m": false, "s": "BTC-USDT"}, {"q": "0.0050", "p": "65920.8", "T": 1712142376085, "m": true, "s": "BTC-USDT"}], "_doc": "41844109-0dc5-4d46-b8ef-d06686c655a8"}, {"code": 0, "dataType": "BTC-USDT@trade", "data": [{"q": "0.0029", "p": "65920.7", "T": 1712142375910, "m": true, "s": "BTC-USDT"}, {"q": "0.0005", "p": "65921.3", "T": 1712142375885, "m": true, "s": "BTC-USDT"}, {"q": "0.0073", "p": "65921.3", "T": 1712142375878, "m": true, "s": "BTC-USDT"}, {"q": "0.0014", "p": "65921.3", "T": 1712142375864, "m": true, "s": "BTC-USDT"}, {"q": "0.0002", "p": "65921.3", "T": 1712142375859, "m": true, "s": "BTC-USDT"}, {"q": "0.0122", "p": "65919.8", "T": 1712142375850, "m": false, "s": "BTC-USDT"}, {"q": "0.0014", "p": "65921.3", "T": 1712142375845, "m": true, "s": "BTC-USDT"}, {"q": "0.0029", "p": "65921.3", "T": 1712142375832, "m": true, "s": "BTC-USDT"}, {"q": "0.0014", "p": "65922.0", "T": 1712142375822, "m": true, "s": "BTC-USDT"}, {"q": "0.0036", "p": "65922.0", "T": 1712142375799, "m": true, "s": "BTC-USDT"}, {"q": "0.6150", "p": "65920.7", "T": 1712142375778, "m": true, "s": "BTC-USDT"}, {"q": "0.0104", "p": "65922.0", "T": 1712142375778, "m": true, "s": "BTC-USDT"}, {"q": "0.0008", "p": "65922.0", "T": 1712142375778, "m": true, "s": "BTC-USDT"}, {"q": "0.0044", "p": "65922.0", "T": 1712142375778, "m": true, "s": "BTC-USDT"}, {"q": "0.0029", "p": "65922.0", "T": 1712142375778, "m": true, "s": "BTC-USDT"}, {"q": "0.0022", "p": "65922.0", "T": 1712142375778, "m": true, "s": "BTC-USDT"}, {"q": "0.0016", "p": "65921.4", "T": 1712142375777, "m": true, "s": "BTC-USDT"}, {"q": "0.0088", "p": "65921.4", "T": 1712142375777, "m": true, "s": "BTC-USDT"}, {"q": "0.0037", "p": "65921.4", "T": 1712142375777, "m": true, "s": "BTC-USDT"}, {"q": "0.0044", "p": "65921.4", "T": 1712142375777, "m": true, "s": "BTC-USDT"}, {"q": "0.0014", "p": "65921.4", "T": 1712142375777, "m": true, "s": "BTC-USDT"}, {"q": "0.0044", "p": "65921.4", "T": 1712142375777, "m": true, "s": "BTC-USDT"}, {"q": "0.0044", "p": "65921.4", "T": 1712142375777, "m": true, "s": "BTC-USDT"}, {"q": "0.0003", "p": "65921.4", "T": 1712142375777, "m": true, "s": "BTC-USDT"}, {"q": "0.0002", "p": "65921.4", "T": 1712142375776, "m": true, "s": "BTC-USDT"}, {"q": "0.0029", "p": "65921.4", "T": 1712142375776, "m": true, "s": "BTC-USDT"}, {"q": "0.0014", "p": "65921.4", "T": 1712142375776, "m": true, "s": "BTC-USDT"}, {"q": "0.0014", "p": "65921.4", "T": 1712142375776, "m": true, "s": "BTC-USDT"}, {"q": "0.0014", "p": "65918.8", "T": 1712142375775, "m": true, "s": "BTC-USDT"}, {"q": "0.0007", "p": "65918.8", "T": 1712142375775, "m": true, "s": "BTC-USDT"}, {"q": "0.0029", "p": "65918.8", "T": 1712142375775, "m": true, "s": "BTC-USDT"}, {"q": "0.0071", "p": "65914.4", "T": 1712142375771, "m": true, "s": "BTC-USDT"}, {"q": "0.0014", "p": "65914.4", "T": 1712142375605, "m": true, "s": "BTC-USDT"}, {"q": "0.0014", "p": "65914.4", "T": 1712142375601, "m": true, "s": "BTC-USDT"}, {"q": "0.0036", "p": "65914.4", "T": 1712142375584, "m": true, "s": "BTC-USDT"}, {"q": "0.0003", "p": "65914.4", "T": 1712142375584, "m": true, "s": "BTC-USDT"}, {"q": "0.5738", "p": "65913.5", "T": 1712142375580, "m": false, "s": "BTC-USDT"}, {"q": "0.0012", "p": "65914.4", "T": 1712142375569, "m": true, "s": "BTC-USDT"}, {"q": "0.0014", "p": "65913.7", "T": 1712142375555, "m": true, "s": "BTC-USDT"}, {"q": "0.0003", "p": "65913.7", "T": 1712142375549, "m": true, "s": "BTC-USDT"}, {"q": "0.0476", "p": "65912.7", "T": 1712142375543, "m": false, "s": "BTC-USDT"}, {"q": "0.0079", "p": "65913.7", "T": 1712142375535, "m": true, "s": "BTC-USDT"}, {"q": "0.0003", "p": "65913.7", "T": 1712142375529, "m": true, "s": "BTC-USDT"}, {"q": "0.0014", "p": "65913.7", "T": 1712142375519, "m": true, "s": "BTC-USDT"}, {"q": "0.0029", "p": "65913.7", "T": 1712142375504, "m": true, "s": "BTC-USDT"}, {"q": "0.0014", "p": "65913.7", "T": 1712142375497, "m": true, "s": "BTC-USDT"}, {"q": "0.0148", "p": "65913.7", "T": 1712142375497, "m": true, "s": "BTC-USDT"}, {"q": "0.0001", "p": "65913.7", "T": 1712142375497, "m": true, "s": "BTC-USDT"}, {"q": "0.0003", "p": "65913.7", "T": 1712142375497, "m": true, "s": "BTC-USDT"}, {"q": "0.0014", "p": "65913.7", "T": 1712142375496, "m": true, "s": "BTC-USDT"}], "_doc": "0893653e-8e7d-4a67-98c6-baa7c7f312ea"}, {"code": 0, "dataType": "BTC-USDT@trade", "data": [{"q": "0.0001", "p": "65911.3", "T": 1712142375152, "m": true, "s": "BTC-USDT"}, {"q": "0.0005", "p": "65911.3", "T": 1712142375152, "m": true, "s": "BTC-USDT"}], "_doc": "be07dd65-2e64-4553-8456-caabd56124ca"}, {"code": 0, "dataType": "BTC-USDT@trade", "data": [{"q": "0.0001", "p": "65911.3", "T": 1712142375152, "m": true, "s": "BTC-USDT"}, {"q": "0.0005", "p": "65911.3", "T": 1712142375152, "m": true, "s": "BTC-USDT"}, {"q": "1.5932", "p": "65908.0", "T": 1712142374772, "m": true, "s": "BTC-USDT"}, {"q": "0.4473", "p": "65907.9", "T": 1712142374564, "m": true, "s": "BTC-USDT"}], "_doc": "6d0b8f06-ba49-475b-99e6-e91618e050f5"}, {"code": 0, "dataType": "BTC-USDT@trade", "data": [{"q": "0.2628", "p": "65906.5", "T": 1712142374256, "m": false, "s": "BTC-USDT"}, {"q": "0.0396", "p": "65906.9", "T": 1712142374132, "m": true, "s": "BTC-USDT"}, {"q": "0.4321", "p": "65904.5", "T": 1712142373955, "m": true, "s": "BTC-USDT"}], "_doc": "717ae811-382c-4d1d-9617-5ac4f6af9505"}, {"code": 0, "dataType": "BTC-USDT@trade", "data": [{"q": "0.0053", "p": "65905.0", "T": 1712142373654, "m": true, "s": "BTC-USDT"}, {"q": "0.0010", "p": "65903.8", "T": 1712142373646, "m": false, "s": "BTC-USDT"}, {"q": "0.0529", "p": "65904.8", "T": 1712142373572, "m": false, "s": "BTC-USDT"}, {"q": "0.0044", "p": "65903.2", "T": 1712142373531, "m": false, "s": "BTC-USDT"}], "_doc": "7afec5f7-3e0d-4336-ab3c-5945c0daf951"}, {"code": 0, "dataType": "BTC-USDT@trade", "data": [{"q": "0.0053", "p": "65905.0", "T": 1712142373654, "m": true, "s": "BTC-USDT"}, {"q": "0.0010", "p": "65903.8", "T": 1712142373646, "m": false, "s": "BTC-USDT"}, {"q": "0.0529", "p": "65904.8", "T": 1712142373572, "m": false, "s": "BTC-USDT"}, {"q": "0.0044", "p": "65903.2", "T": 1712142373531, "m": false, "s": "BTC-USDT"}, {"q": "0.0017", "p": "65904.4", "T": 1712142373235, "m": true, "s": "BTC-USDT"}, {"q": "0.0180", "p": "65903.2", "T": 1712142373234, "m": false, "s": "BTC-USDT"}, {"q": "0.0006", "p": "65903.2", "T": 1712142373054, "m": false, "s": "BTC-USDT"}, {"q": "0.0008", "p": "65903.2", "T": 1712142373041, "m": false, "s": "BTC-USDT"}], "_doc": "55ddea73-c642-4e9f-b9e7-73d4de08eb32"}, {"code": 0, "dataType": "BTC-USDT@trade", "data": [{"q": "0.0018", "p": "65904.4", "T": 1712142372915, "m": true, "s": "BTC-USDT"}, {"q": "0.0023", "p": "65903.2", "T": 1712142372915, "m": false, "s": "BTC-USDT"}, {"q": "0.8319", "p": "65904.4", "T": 1712142372913, "m": true, "s": "BTC-USDT"}, {"q": "0.3216", "p": "65903.4", "T": 1712142372605, "m": false, "s": "BTC-USDT"}, {"q": "0.0318", "p": "65903.3", "T": 1712142372605, "m": false, "s": "BTC-USDT"}], "_doc": "d99efdb2-c9f8-473d-8698-7306c5635ca5"}, {"code": 0, "dataType": "BTC-USDT@trade", "data": [{"q": "0.0018", "p": "65904.4", "T": 1712142372915, "m": true, "s": "BTC-USDT"}, {"q": "0.0023", "p": "65903.2", "T": 1712142372915, "m": false, "s": "BTC-USDT"}, {"q": "0.8319", "p": "65904.4", "T": 1712142372913, "m": true, "s": "BTC-USDT"}, {"q": "0.3216", "p": "65903.4", "T": 1712142372605, "m": false, "s": "BTC-USDT"}, {"q": "0.0318", "p": "65903.3", "T": 1712142372605, "m": false, "s": "BTC-USDT"}, {"q": "0.4697", "p": "65903.5", "T": 1712142372371, "m": true, "s": "BTC-USDT"}, {"q": "0.0002", "p": "65902.2", "T": 1712142372333, "m": false, "s": "BTC-USDT"}, {"q": "0.0087", "p": "65902.9", "T": 1712142372330, "m": true, "s": "BTC-USDT"}, {"q": "0.0012", "p": "65901.7", "T": 1712142372134, "m": true, "s": "BTC-USDT"}, {"q": "0.2106", "p": "65901.6", "T": 1712142372134, "m": true, "s": "BTC-USDT"}, {"q": "0.0015", "p": "65901.7", "T": 1712142372134, "m": true, "s": "BTC-USDT"}, {"q": "0.1010", "p": "65901.7", "T": 1712142372133, "m": true, "s": "BTC-USDT"}], "_doc": "0123603e-707e-45be-a70e-a463fab0276d"}, {"code": 0, "dataType": "BTC-USDT@trade", "data": [{"q": "0.3303", "p": "65901.9", "T": 1712142371849, "m": false, "s": "BTC-USDT"}, {"q": "0.0031", "p": "65901.7", "T": 1712142371692, "m": false, "s": "BTC-USDT"}, {"q": "0.0019", "p": "65903.4", "T": 1712142371692, "m": true, "s": "BTC-USDT"}, {"q": "0.0001", "p": "65902.4", "T": 1712142371689, "m": false, "s": "BTC-USDT"}, {"q": "0.1678", "p": "65904.1", "T": 1712142371685, "m": true, "s": "BTC-USDT"}, {"q": "0.0019", "p": "65905.0", "T": 1712142371495, "m": true, "s": "BTC-USDT"}, {"q": "0.0010", "p": "65903.3", "T": 1712142371434, "m": false, "s": "BTC-USDT"}], "_doc": "e8f16e52-42a9-4d48-8f8e-0421d1d56d9d"}, {"code": 0, "dataType": "BTC-USDT@trade", "data": [{"q": "0.4890", "p": "65904.9", "T": 1712142371274, "m": true, "s": "BTC-USDT"}, {"q": "0.0155", "p": "65905.0", "T": 1712142371272, "m": true, "s": "BTC-USDT"}], "_doc": "80f428c2-0e85-49e6-a926-a96073627705"}, {"code": 0, "dataType": "BTC-USDT@trade", "data": [{"q": "0.4890", "p": "65904.9", "T": 1712142371274, "m": true, "s": "BTC-USDT"}, {"q": "0.0155", "p": "65905.0", "T": 1712142371272, "m": true, "s": "BTC-USDT"}, {"q": "0.1637", "p": "65905.1", "T": 1712142370828, "m": true, "s": "BTC-USDT"}, {"q": "0.0084", "p": "65907.3", "T": 1712142370659, "m": false, "s": "BTC-USDT"}, {"q": "0.0001", "p": "65908.0", "T": 1712142370505, "m": true, "s": "BTC-USDT"}, {"q": "0.0007", "p": "65908.0", "T": 1712142370504, "m": true, "s": "BTC-USDT"}, {"q": "0.1387", "p": "65907.8", "T": 1712142370501, "m": false, "s": "BTC-USDT"}], "_doc": "f41fa8f6-223b-485d-9588-6e2826cb7e99"}, {"code": 0, "dataType": "BTC-USDT@trade", "data": [{"q": "0.0001", "p": "65908.0", "T": 1712142370505, "m": true, "s": "BTC-USDT"}, {"q": "0.0007", "p": "65908.0", "T": 1712142370504, "m": true, "s": "BTC-USDT"}, {"q": "0.1387", "p": "65907.8", "T": 1712142370501, "m": false, "s": "BTC-USDT"}, {"q": "0.0007", "p": "65910.5", "T": 1712142370280, "m": true, "s": "BTC-USDT"}, {"q": "0.4830", "p": "65909.8", "T": 1712142370228, "m": false, "s": "BTC-USDT"}], "_doc": "023c1b5c-469d-4d8d-9d74-871906c99b52"}, {"code": 0, "dataType": "BTC-USDT@trade", "data": [{"q": "0.0035", "p": "65906.3", "T": 1712142369486, "m": false, "s": "BTC-USDT"}, {"q": "0.0036", "p": "65910.2", "T": 1712142369485, "m": true, "s": "BTC-USDT"}], "_doc": "1451e871-70a5-429f-8d9d-84d7b4bee937"}, {"code": 0, "dataType": "BTC-USDT@trade", "data": [{"q": "0.0035", "p": "65906.3", "T": 1712142369486, "m": false, "s": "BTC-USDT"}, {"q": "0.0036", "p": "65910.2", "T": 1712142369485, "m": true, "s": "BTC-USDT"}, {"q": "0.0006", "p": "65910.2", "T": 1712142369320, "m": true, "s": "BTC-USDT"}, {"q": "0.0045", "p": "65906.3", "T": 1712142369104, "m": false, "s": "BTC-USDT"}, {"q": "0.0040", "p": "65906.3", "T": 1712142369097, "m": false, "s": "BTC-USDT"}, {"q": "0.0593", "p": "65909.9", "T": 1712142369028, "m": false, "s": "BTC-USDT"}], "_doc": "89670c3f-5f37-4909-93ad-12029cb97ba6"}, {"code": 0, "dataType": "BTC-USDT@trade", "data": [{"q": "0.0016", "p": "65913.0", "T": 1712142368855, "m": false, "s": "BTC-USDT"}, {"q": "0.2982", "p": "65913.0", "T": 1712142368855, "m": false, "s": "BTC-USDT"}, {"q": "0.0061", "p": "65913.0", "T": 1712142368855, "m": false, "s": "BTC-USDT"}, {"q": "0.0032", "p": "65913.0", "T": 1712142368855, "m": false, "s": "BTC-USDT"}, {"q": "0.3934", "p": "65913.2", "T": 1712142368569, "m": true, "s": "BTC-USDT"}, {"q": "0.0100", "p": "65913.1", "T": 1712142368443, "m": true, "s": "BTC-USDT"}, {"q": "0.3760", "p": "65913.1", "T": 1712142368443, "m": true, "s": "BTC-USDT"}, {"q": "0.0128", "p": "65913.2", "T": 1712142368441, "m": true, "s": "BTC-USDT"}, {"q": "0.0607", "p": "65913.1", "T": 1712142368441, "m": true, "s": "BTC-USDT"}], "_doc": "62ba1f10-3dd0-47fa-800b-ee54889d7321"}, {"code": 0, "dataType": "BTC-USDT@trade", "data": [{"q": "0.0016", "p": "65913.0", "T": 1712142368855, "m": false, "s": "BTC-USDT"}, {"q": "0.2982", "p": "65913.0", "T": 1712142368855, "m": false, "s": "BTC-USDT"}, {"q": "0.0061", "p": "65913.0", "T": 1712142368855, "m": false, "s": "BTC-USDT"}, {"q": "0.0032", "p": "65913.0", "T": 1712142368855, "m": false, "s": "BTC-USDT"}, {"q": "0.3934", "p": "65913.2", "T": 1712142368569, "m": true, "s": "BTC-USDT"}, {"q": "0.0100", "p": "65913.1", "T": 1712142368443, "m": true, "s": "BTC-USDT"}, {"q": "0.3760", "p": "65913.1", "T": 1712142368443, "m": true, "s": "BTC-USDT"}, {"q": "0.0128", "p": "65913.2", "T": 1712142368441, "m": true, "s": "BTC-USDT"}, {"q": "0.0607", "p": "65913.1", "T": 1712142368441, "m": true, "s": "BTC-USDT"}, {"q": "0.0852", "p": "65913.0", "T": 1712142368183, "m": false, "s": "BTC-USDT"}, {"q": "0.0222", "p": "65913.1", "T": 1712142368125, "m": true, "s": "BTC-USDT"}, {"q": "0.0606", "p": "65913.8", "T": 1712142367959, "m": false, "s": "BTC-USDT"}], "_doc": "c3e67ca4-4c1b-4ab2-8d8a-ac44e2dc5744"}, {"code": 0, "dataType": "BTC-USDT@trade", "data": [{"q": "0.0606", "p": "65913.8", "T": 1712142367959, "m": false, "s": "BTC-USDT"}, {"q": "0.0044", "p": "65914.3", "T": 1712142367838, "m": true, "s": "BTC-USDT"}, {"q": "0.1290", "p": "65913.1", "T": 1712142367671, "m": true, "s": "BTC-USDT"}, {"q": "0.0045", "p": "65913.1", "T": 1712142367669, "m": true, "s": "BTC-USDT"}], "_doc": "b96f7e36-340c-4d24-991b-77b8687b85cc"}, {"code": 0, "dataType": "BTC-USDT@trade", "data": [{"q": "0.0153", "p": "65913.9", "T": 1712142367190, "m": false, "s": "BTC-USDT"}, {"q": "0.3049", "p": "65916.6", "T": 1712142367169, "m": false, "s": "BTC-USDT"}, {"q": "0.0001", "p": "65916.8", "T": 1712142367109, "m": true, "s": "BTC-USDT"}, {"q": "0.1252", "p": "65921.2", "T": 1712142367080, "m": true, "s": "BTC-USDT"}], "_doc": "cfee9e55-4d77-45ff-90db-db3cee66704f"}, {"code": 0, "dataType": "BTC-USDT@trade", "data": [{"q": "0.0153", "p": "65913.9", "T": 1712142367190, "m": false, "s": "BTC-USDT"}, {"q": "0.3049", "p": "65916.6", "T": 1712142367169, "m": false, "s": "BTC-USDT"}, {"q": "0.0001", "p": "65916.8", "T": 1712142367109, "m": true, "s": "BTC-USDT"}, {"q": "0.1252", "p": "65921.2", "T": 1712142367080, "m": true, "s": "BTC-USDT"}, {"q": "0.0178", "p": "65924.1", "T": 1712142366898, "m": true, "s": "BTC-USDT"}, {"q": "0.0228", "p": "65923.8", "T": 1712142366898, "m": true, "s": "BTC-USDT"}, {"q": "0.0191", "p": "65923.8", "T": 1712142366898, "m": true, "s": "BTC-USDT"}, {"q": "0.2730", "p": "65923.8", "T": 1712142366898, "m": true, "s": "BTC-USDT"}, {"q": "0.9367", "p": "65923.5", "T": 1712142366898, "m": true, "s": "BTC-USDT"}, {"q": "0.0004", "p": "65930.9", "T": 1712142366776, "m": false, "s": "BTC-USDT"}, {"q": "0.3042", "p": "65935.5", "T": 1712142366569, "m": true, "s": "BTC-USDT"}, {"q": "0.5273", "p": "65935.4", "T": 1712142366486, "m": true, "s": "BTC-USDT"}], "_doc": "5d342a6c-1ab9-4b3e-a864-2b3f8d64d6e7"}, {"code": 0, "dataType": "BTC-USDT@trade", "data": [{"q": "0.0118", "p": "65934.4", "T": 1712142366269, "m": false, "s": "BTC-USDT"}, {"q": "0.1604", "p": "65934.0", "T": 1712142366185, "m": false, "s": "BTC-USDT"}, {"q": "0.0059", "p": "65935.4", "T": 1712142366179, "m": true, "s": "BTC-USDT"}, {"q": "0.2473", "p": "65931.3", "T": 1712142365994, "m": false, "s": "BTC-USDT"}, {"q": "0.0001", "p": "65932.9", "T": 1712142365993, "m": true, "s": "BTC-USDT"}], "_doc": "2d7361ed-7802-45c8-be3f-0eab37b7678d"}, {"code": 0, "dataType": "BTC-USDT@trade", "data": [{"q": "0.2657", "p": "65928.3", "T": 1712142365588, "m": false, "s": "BTC-USDT"}], "_doc": "809035ce-ac04-43cd-b4c3-54a182b67926"}, {"code": 0, "dataType": "BTC-USDT@trade", "data": [{"q": "0.2657", "p": "65928.3", "T": 1712142365588, "m": false, "s": "BTC-USDT"}, {"q": "0.3060", "p": "65928.4", "T": 1712142365369, "m": true, "s": "BTC-USDT"}, {"q": "0.0023", "p": "65929.9", "T": 1712142365318, "m": true, "s": "BTC-USDT"}, {"q": "0.0072", "p": "65925.5", "T": 1712142365287, "m": true, "s": "BTC-USDT"}, {"q": "0.0001", "p": "65922.8", "T": 1712142365285, "m": false, "s": "BTC-USDT"}, {"q": "0.2352", "p": "65923.9", "T": 1712142365285, "m": false, "s": "BTC-USDT"}, {"q": "0.0024", "p": "65922.3", "T": 1712142365284, "m": true, "s": "BTC-USDT"}, {"q": "0.4680", "p": "65919.2", "T": 1712142365282, "m": false, "s": "BTC-USDT"}, {"q": "0.0015", "p": "65922.3", "T": 1712142364991, "m": false, "s": "BTC-USDT"}], "_doc": "7c6e7e94-4bf4-4b01-ab14-740f5156a016"}, {"code": 0, "dataType": "BTC-USDT@trade", "data": [{"q": "0.0915", "p": "65923.4", "T": 1712142364657, "m": false, "s": "BTC-USDT"}, {"q": "0.4335", "p": "65923.4", "T": 1712142364656, "m": false, "s": "BTC-USDT"}, {"q": "0.0633", "p": "65923.5", "T": 1712142364656, "m": true, "s": "BTC-USDT"}, {"q": "0.0651", "p": "65923.6", "T": 1712142364654, "m": true, "s": "BTC-USDT"}, {"q": "0.4806", "p": "65923.4", "T": 1712142364529, "m": false, "s": "BTC-USDT"}, {"q": "0.0010", "p": "65923.6", "T": 1712142364527, "m": true, "s": "BTC-USDT"}, {"q": "0.4576", "p": "65923.4", "T": 1712142364519, "m": false, "s": "BTC-USDT"}, {"q": "0.0001", "p": "65923.5", "T": 1712142364517, "m": true, "s": "BTC-USDT"}], "_doc": "b664bb2c-d41e-4b41-94a5-40a4739f9118"}, {"code": 0, "dataType": "BTC-USDT@trade", "data": [{"q": "0.0915", "p": "65923.4", "T": 1712142364657, "m": false, "s": "BTC-USDT"}, {"q": "0.4335", "p": "65923.4", "T": 1712142364656, "m": false, "s": "BTC-USDT"}, {"q": "0.0633", "p": "65923.5", "T": 1712142364656, "m": true, "s": "BTC-USDT"}, {"q": "0.0651", "p": "65923.6", "T": 1712142364654, "m": true, "s": "BTC-USDT"}, {"q": "0.4806", "p": "65923.4", "T": 1712142364529, "m": false, "s": "BTC-USDT"}, {"q": "0.0010", "p": "65923.6", "T": 1712142364527, "m": true, "s": "BTC-USDT"}, {"q": "0.4576", "p": "65923.4", "T": 1712142364519, "m": false, "s": "BTC-USDT"}, {"q": "0.0001", "p": "65923.5", "T": 1712142364517, "m": true, "s": "BTC-USDT"}, {"q": "0.0368", "p": "65923.4", "T": 1712142364386, "m": false, "s": "BTC-USDT"}, {"q": "0.6334", "p": "65926.5", "T": 1712142364202, "m": false, "s": "BTC-USDT"}], "_doc": "e7ba3705-83cf-43b6-b92d-2f80de62d3c5"}, {"code": 0, "dataType": "BTC-USDT@trade", "data": [{"q": "0.0005", "p": "65926.7", "T": 1712142363898, "m": true, "s": "BTC-USDT"}, {"q": "0.0680", "p": "65926.2", "T": 1712142363897, "m": false, "s": "BTC-USDT"}, {"q": "0.0220", "p": "65927.6", "T": 1712142363499, "m": true, "s": "BTC-USDT"}, {"q": "0.0858", "p": "65927.2", "T": 1712142363493, "m": false, "s": "BTC-USDT"}, {"q": "0.5822", "p": "65927.3", "T": 1712142363491, "m": false, "s": "BTC-USDT"}], "_doc": "13abf0f6-4d96-47e4-8a70-b810f436eeb7"}, {"code": 0, "dataType": "BTC-USDT@trade", "data": [{"q": "0.0163", "p": "65926.5", "T": 1712142363169, "m": false, "s": "BTC-USDT"}, {"q": "0.0304", "p": "65926.7", "T": 1712142363143, "m": true, "s": "BTC-USDT"}, {"q": "0.0001", "p": "65925.1", "T": 1712142363112, "m": false, "s": "BTC-USDT"}, {"q": "0.0090", "p": "65922.6", "T": 1712142363045, "m": false, "s": "BTC-USDT"}, {"q": "0.0527", "p": "65922.4", "T": 1712142363044, "m": false, "s": "BTC-USDT"}, {"q": "0.0080", "p": "65921.8", "T": 1712142363042, "m": false, "s": "BTC-USDT"}, {"q": "0.3344", "p": "65921.9", "T": 1712142363040, "m": false, "s": "BTC-USDT"}], "_doc": "e9d45454-00dd-4bf3-928f-76e30e9339dc"}, {"code": 0, "dataType": "BTC-USDT@trade", "data": [{"q": "0.0163", "p": "65926.5", "T": 1712142363169, "m": false, "s": "BTC-USDT"}, {"q": "0.0304", "p": "65926.7", "T": 1712142363143, "m": true, "s": "BTC-USDT"}, {"q": "0.0001", "p": "65925.1", "T": 1712142363112, "m": false, "s": "BTC-USDT"}, {"q": "0.0090", "p": "65922.6", "T": 1712142363045, "m": false, "s": "BTC-USDT"}, {"q": "0.0527", "p": "65922.4", "T": 1712142363044, "m": false, "s": "BTC-USDT"}, {"q": "0.0080", "p": "65921.8", "T": 1712142363042, "m": false, "s": "BTC-USDT"}, {"q": "0.3344", "p": "65921.9", "T": 1712142363040, "m": false, "s": "BTC-USDT"}, {"q": "0.0006", "p": "65916.1", "T": 1712142362906, "m": true, "s": "BTC-USDT"}, {"q": "0.1988", "p": "65915.9", "T": 1712142362906, "m": true, "s": "BTC-USDT"}, {"q": "0.0328", "p": "65915.9", "T": 1712142362684, "m": true, "s": "BTC-USDT"}, {"q": "0.0015", "p": "65915.9", "T": 1712142362645, "m": true, "s": "BTC-USDT"}, {"q": "1.4494", "p": "65915.8", "T": 1712142362590, "m": false, "s": "BTC-USDT"}, {"q": "0.3672", "p": "65915.9", "T": 1712142362428, "m": true, "s": "BTC-USDT"}], "_doc": "bc4726aa-6614-4744-a024-1eba1239d01d"}, {"code": 0, "dataType": "BTC-USDT@trade", "data": [{"q": "0.3672", "p": "65915.9", "T": 1712142362428, "m": true, "s": "BTC-USDT"}, {"q": "0.0120", "p": "65915.7", "T": 1712142362228, "m": false, "s": "BTC-USDT"}, {"q": "0.0001", "p": "65915.9", "T": 1712142362178, "m": true, "s": "BTC-USDT"}, {"q": "0.0136", "p": "65915.9", "T": 1712142362170, "m": true, "s": "BTC-USDT"}, {"q": "0.0030", "p": "65915.7", "T": 1712142362141, "m": false, "s": "BTC-USDT"}, {"q": "0.0103", "p": "65915.7", "T": 1712142361970, "m": false, "s": "BTC-USDT"}, {"q": "0.6689", "p": "65915.9", "T": 1712142361964, "m": true, "s": "BTC-USDT"}, {"q": "0.0166", "p": "65915.8", "T": 1712142361961, "m": false, "s": "BTC-USDT"}], "_doc": "7a4853af-203e-43d5-a41c-50d5938b699b"}, {"id": "fHcieXujHE2Gdug0zzZV", "code": 0, "msg": "", "dataType": "", "data": null, "_doc": "6afcb784-e5d3-45c3-a10c-94110fdfb18d"}, {"code": 0, "dataType": "BTC-USDT@trade", "data": [{"q": "0.0069", "p": "66069.9", "T": 1712142313381, "m": false, "s": "BTC-USDT"}], "_doc": "0ddb6fd1-8c24-4a8d-918c-920caf1a0268"}, {"code": 0, "dataType": "BTC-USDT@trade", "data": [{"q": "0.0069", "p": "66069.9", "T": 1712142313381, "m": false, "s": "BTC-USDT"}, {"q": "0.0002", "p": "66071.2", "T": 1712142313085, "m": true, "s": "BTC-USDT"}], "_doc": "db7443a4-b24e-46e6-b3ae-d9736d43436f"}, {"code": 0, "dataType": "BTC-USDT@trade", "data": [{"q": "0.0573", "p": "66069.5", "T": 1712142311918, "m": false, "s": "BTC-USDT"}], "_doc": "90f19ded-cf4a-437f-a558-f7b6d5e84d0f"}, {"code": 0, "dataType": "BTC-USDT@trade", "data": [{"q": "0.0573", "p": "66069.5", "T": 1712142311918, "m": false, "s": "BTC-USDT"}, {"q": "0.0373", "p": "66070.9", "T": 1712142311693, "m": true, "s": "BTC-USDT"}], "_doc": "876b6673-7688-4778-b205-0abaf2f4bdd0"}, {"code": 0, "dataType": "BTC-USDT@trade", "data": [{"q": "0.3330", "p": "66070.9", "T": 1712142311252, "m": true, "s": "BTC-USDT"}, {"q": "0.0060", "p": "66069.5", "T": 1712142310961, "m": false, "s": "BTC-USDT"}], "_doc": "763e507a-8781-43a2-b24f-de0eb7782b61"}, {"code": 0, "dataType": "BTC-USDT@trade", "data": [{"q": "0.3330", "p": "66070.9", "T": 1712142311252, "m": true, "s": "BTC-USDT"}, {"q": "0.0060", "p": "66069.5", "T": 1712142310961, "m": false, "s": "BTC-USDT"}, {"q": "0.3060", "p": "66070.6", "T": 1712142310814, "m": false, "s": "BTC-USDT"}], "_doc": "6dcb9b55-34e8-4e68-b170-6ff8e71b7ecc"}, {"code": 0, "dataType": "BTC-USDT@trade", "data": [{"q": "0.0085", "p": "66069.9", "T": 1712142310044, "m": false, "s": "BTC-USDT"}], "_doc": "70e5113f-57c6-4155-a9a7-6af7ed9817ec"}, {"code": 0, "dataType": "BTC-USDT@trade", "data": [{"q": "0.2352", "p": "66070.7", "T": 1712142308832, "m": false, "s": "BTC-USDT"}, {"q": "0.0001", "p": "66070.9", "T": 1712142308399, "m": true, "s": "BTC-USDT"}], "_doc": "5c6ecbe1-41b4-4c5a-bdc7-f58c041b69ad"}, {"code": 0, "dataType": "BTC-USDT@trade", "data": [{"q": "0.0113", "p": "66070.9", "T": 1712142307936, "m": true, "s": "BTC-USDT"}], "_doc": "5b335bdb-e8ed-4181-b9fd-29f125cc3e3b"}, {"code": 0, "dataType": "BTC-USDT@trade", "data": [{"q": "0.0113", "p": "66070.9", "T": 1712142307936, "m": true, "s": "BTC-USDT"}, {"q": "0.0072", "p": "66069.5", "T": 1712142307744, "m": false, "s": "BTC-USDT"}, {"q": "0.0046", "p": "66069.5", "T": 1712142307739, "m": false, "s": "BTC-USDT"}], "_doc": "8dceeceb-08ad-4622-91c2-f8968072fb40"}, {"code": 0, "dataType": "BTC-USDT@trade", "data": [{"q": "0.0003", "p": "66070.9", "T": 1712142307035, "m": true, "s": "BTC-USDT"}], "_doc": "4066e180-c1cc-4f7a-b93d-00d4d811a053"}, {"code": 0, "dataType": "BTC-USDT@trade", "data": [{"q": "0.0003", "p": "66070.9", "T": 1712142307035, "m": true, "s": "BTC-USDT"}, {"q": "0.4680", "p": "66070.0", "T": 1712142306769, "m": false, "s": "BTC-USDT"}, {"q": "0.0001", "p": "66069.9", "T": 1712142306386, "m": false, "s": "BTC-USDT"}], "_doc": "1d71f5bf-7240-4985-b40a-2638773f7991"}, {"code": 0, "dataType": "BTC-USDT@trade", "data": [{"q": "0.0001", "p": "66069.9", "T": 1712142306386, "m": false, "s": "BTC-USDT"}, {"q": "0.0049", "p": "66071.2", "T": 1712142306111, "m": true, "s": "BTC-USDT"}, {"q": "0.0001", "p": "66070.7", "T": 1712142306111, "m": true, "s": "BTC-USDT"}, {"q": "0.0153", "p": "66069.9", "T": 1712142306025, "m": false, "s": "BTC-USDT"}, {"q": "0.0005", "p": "66069.9", "T": 1712142306024, "m": false, "s": "BTC-USDT"}], "_doc": "2f20fdd0-01d8-415a-b33d-a3be681fbdcb"}, {"code": 0, "dataType": "BTC-USDT@trade", "data": [{"q": "0.0433", "p": "66069.4", "T": 1712142304614, "m": false, "s": "BTC-USDT"}, {"q": "0.0995", "p": "66069.6", "T": 1712142304575, "m": true, "s": "BTC-USDT"}, {"q": "0.0176", "p": "66069.4", "T": 1712142304566, "m": false, "s": "BTC-USDT"}, {"q": "0.0156", "p": "66068.7", "T": 1712142304539, "m": false, "s": "BTC-USDT"}], "_doc": "08dcd1c0-18c1-48ba-be55-9c16f6f84a10"}, {"code": 0, "dataType": "BTC-USDT@trade", "data": [{"q": "0.2125", "p": "66059.2", "T": 1712142303989, "m": false, "s": "BTC-USDT"}, {"q": "0.0011", "p": "66059.2", "T": 1712142303974, "m": false, "s": "BTC-USDT"}, {"q": "0.0001", "p": "66058.6", "T": 1712142303941, "m": false, "s": "BTC-USDT"}], "_doc": "21a9a016-ed9a-47dc-91f5-3455d3951e47"}, {"code": 0, "dataType": "BTC-USDT@trade", "data": [{"q": "0.2125", "p": "66059.2", "T": 1712142303989, "m": false, "s": "BTC-USDT"}, {"q": "0.0011", "p": "66059.2", "T": 1712142303974, "m": false, "s": "BTC-USDT"}, {"q": "0.0001", "p": "66058.6", "T": 1712142303941, "m": false, "s": "BTC-USDT"}, {"q": "0.0006", "p": "66056.5", "T": 1712142303769, "m": false, "s": "BTC-USDT"}, {"q": "0.0645", "p": "66057.6", "T": 1712142303769, "m": true, "s": "BTC-USDT"}, {"q": "0.0093", "p": "66057.5", "T": 1712142303602, "m": true, "s": "BTC-USDT"}], "_doc": "71a71af2-5219-4a4d-b40b-ce1b32055519"}, {"code": 0, "dataType": "BTC-USDT@trade", "data": [{"q": "0.0100", "p": "66055.9", "T": 1712142303005, "m": false, "s": "BTC-USDT"}, {"q": "0.2155", "p": "66057.2", "T": 1712142302987, "m": false, "s": "BTC-USDT"}, {"q": "0.1961", "p": "66057.3", "T": 1712142302881, "m": false, "s": "BTC-USDT"}], "_doc": "7fa1a212-27b7-4854-9c52-02ed4733e843"}, {"code": 0, "dataType": "BTC-USDT@trade", "data": [{"q": "0.0100", "p": "66055.9", "T": 1712142303005, "m": false, "s": "BTC-USDT"}, {"q": "0.2155", "p": "66057.2", "T": 1712142302987, "m": false, "s": "BTC-USDT"}, {"q": "0.1961", "p": "66057.3", "T": 1712142302881, "m": false, "s": "BTC-USDT"}, {"q": "0.0392", "p": "66055.9", "T": 1712142302705, "m": false, "s": "BTC-USDT"}, {"q": "0.0599", "p": "66057.9", "T": 1712142302587, "m": true, "s": "BTC-USDT"}, {"q": "0.0091", "p": "66057.9", "T": 1712142302371, "m": true, "s": "BTC-USDT"}], "_doc": "89a7a0ce-137f-4e53-8d7e-944c2fe5f2d1"}, {"code": 0, "dataType": "BTC-USDT@trade", "data": [{"q": "0.0091", "p": "66057.9", "T": 1712142302371, "m": true, "s": "BTC-USDT"}, {"q": "0.0015", "p": "66058.0", "T": 1712142302341, "m": true, "s": "BTC-USDT"}, {"q": "0.1734", "p": "66057.9", "T": 1712142302299, "m": true, "s": "BTC-USDT"}, {"q": "0.0349", "p": "66060.9", "T": 1712142302130, "m": true, "s": "BTC-USDT"}], "_doc": "0d2faa42-7f5b-43c3-a7fe-2cd3a76df449"}, {"code": 0, "dataType": "BTC-USDT@trade", "data": [{"q": "0.6097", "p": "66066.6", "T": 1712142301369, "m": false, "s": "BTC-USDT"}, {"q": "0.0001", "p": "66067.3", "T": 1712142301367, "m": false, "s": "BTC-USDT"}], "_doc": "8a8e6df4-dde0-4aa6-9a7c-d45ba60540d5"}, {"code": 0, "dataType": "BTC-USDT@trade", "data": [{"q": "0.6097", "p": "66066.6", "T": 1712142301369, "m": false, "s": "BTC-USDT"}, {"q": "0.0001", "p": "66067.3", "T": 1712142301367, "m": false, "s": "BTC-USDT"}, {"q": "0.0015", "p": "66069.8", "T": 1712142301366, "m": false, "s": "BTC-USDT"}, {"q": "0.1681", "p": "66072.0", "T": 1712142301226, "m": true, "s": "BTC-USDT"}, {"q": "0.0074", "p": "66072.1", "T": 1712142301057, "m": true, "s": "BTC-USDT"}, {"q": "0.1007", "p": "66072.1", "T": 1712142301056, "m": false, "s": "BTC-USDT"}, {"q": "0.1624", "p": "66072.3", "T": 1712142300929, "m": true, "s": "BTC-USDT"}], "_doc": "ae4fe4c6-5ad5-4841-8f8e-94b6cf945105"}, {"id": "n7xQn2yJB4u7JmPtHuu2", "code": 0, "msg": "", "dataType": "", "data": null, "_doc": "1ffeeb08-0b4b-4e63-9a17-b97db7de3664"}, {"code": 0, "dataType": "BTC-USDT@trade", "data": [{"q": "0.0292", "p": "66077.1", "T": 1712142282298, "m": false, "s": "BTC-USDT"}, {"q": "0.1339", "p": "66078.0", "T": 1712142282015, "m": true, "s": "BTC-USDT"}, {"q": "0.0267", "p": "66078.0", "T": 1712142282013, "m": true, "s": "BTC-USDT"}, {"q": "0.0645", "p": "66078.0", "T": 1712142281819, "m": true, "s": "BTC-USDT"}], "_doc": "e49425ad-5a79-498e-a70b-e5a731e857c5"}, {"code": 0, "dataType": "BTC-USDT@trade", "data": [{"q": "0.0104", "p": "66071.7", "T": 1712142279769, "m": true, "s": "BTC-USDT"}], "_doc": "eeefd994-c199-4c0c-9a0a-d0ecf4277f31"}, {"code": 0, "dataType": "BTC-USDT@trade", "data": [{"q": "0.0104", "p": "66071.7", "T": 1712142279769, "m": true, "s": "BTC-USDT"}, {"q": "0.0522", "p": "66071.4", "T": 1712142279605, "m": false, "s": "BTC-USDT"}, {"q": "0.0155", "p": "66071.2", "T": 1712142279322, "m": true, "s": "BTC-USDT"}], "_doc": "38df770d-1b4c-47d2-b5b8-21fcf50ac36c"}, {"code": 0, "dataType": "BTC-USDT@trade", "data": [{"q": "0.0155", "p": "66071.2", "T": 1712142279322, "m": true, "s": "BTC-USDT"}, {"q": "0.0303", "p": "66071.0", "T": 1712142279002, "m": true, "s": "BTC-USDT"}, {"q": "0.1519", "p": "66070.2", "T": 1712142278851, "m": false, "s": "BTC-USDT"}, {"q": "0.0046", "p": "66070.0", "T": 1712142278688, "m": false, "s": "BTC-USDT"}], "_doc": "06702d88-8a4d-45aa-8532-7a0b030a9a87"}, {"id": "28cuzcDPkRvUyYaKTUzj", "code": 0, "msg": "", "dataType": "", "data": null, "_doc": "2f268836-7716-4024-bb9f-ce6ac686f447"}, {"code": 0, "dataType": "BTC-USDT@trade", "data": [{"q": "0.3666", "p": "66058.5", "T": 1712142249569, "m": false, "s": "BTC-USDT"}], "_doc": "cb5487a4-59a8-44e2-b848-5e92cffb6b81"}, {"code": 0, "dataType": "BTC-USDT@trade", "data": [{"q": "0.3666", "p": "66058.5", "T": 1712142249569, "m": false, "s": "BTC-USDT"}, {"q": "0.4677", "p": "66058.9", "T": 1712142248983, "m": false, "s": "BTC-USDT"}], "_doc": "f451c4f1-1f58-4cb5-9066-7ac2f3b17b1c"}, {"code": 0, "dataType": "BTC-USDT@trade", "data": [{"q": "0.1905", "p": "66059.5", "T": 1712142248774, "m": false, "s": "BTC-USDT"}], "_doc": "8c68127d-77e9-4a9b-914f-ce740db299d4"}, {"code": 0, "dataType": "BTC-USDT@trade", "data": [{"q": "0.1905", "p": "66059.5", "T": 1712142248774, "m": false, "s": "BTC-USDT"}, {"q": "0.8332", "p": "66059.6", "T": 1712142248425, "m": true, "s": "BTC-USDT"}, {"q": "0.0526", "p": "66058.9", "T": 1712142248425, "m": false, "s": "BTC-USDT"}], "_doc": "2dd8ca48-8b76-4b05-ab5d-b6c6ac1d489d"}, {"code": 0, "dataType": "BTC-USDT@trade", "data": [{"q": "0.0003", "p": "66059.5", "T": 1712142247791, "m": true, "s": "BTC-USDT"}, {"q": "0.0277", "p": "66058.8", "T": 1712142247668, "m": true, "s": "BTC-USDT"}, {"q": "0.0099", "p": "66057.7", "T": 1712142247504, "m": true, "s": "BTC-USDT"}], "_doc": "c8a72f49-7f5e-4f8a-887c-f9293481e0b8"}, {"code": 0, "dataType": "BTC-USDT@trade", "data": [{"q": "0.0018", "p": "66058.1", "T": 1712142246854, "m": false, "s": "BTC-USDT"}, {"q": "0.0032", "p": "66058.1", "T": 1712142246784, "m": false, "s": "BTC-USDT"}, {"q": "0.0015", "p": "66060.0", "T": 1712142246784, "m": false, "s": "BTC-USDT"}, {"q": "0.0061", "p": "66060.0", "T": 1712142246784, "m": false, "s": "BTC-USDT"}, {"q": "0.1902", "p": "66060.0", "T": 1712142246775, "m": false, "s": "BTC-USDT"}], "_doc": "7c8f3fc2-efc1-4d93-a401-4411c408ba4b"}, {"id": "iUbshw1Sd61UTQApiN2P", "code": 0, "msg": "", "dataType": "", "data": null, "_doc": "ebeb0e5e-eaf9-45f1-88c9-f4c0e3aa4cec"}, {"code": 0, "dataType": "BTC-USDT@trade", "data": [{"q": "0.0064", "p": "66079.5", "T": 1712142204808, "m": false, "s": "BTC-USDT"}, {"q": "0.0041", "p": "66080.0", "T": 1712142204808, "m": false, "s": "BTC-USDT"}, {"q": "0.0045", "p": "66080.0", "T": 1712142204808, "m": false, "s": "BTC-USDT"}, {"q": "0.1264", "p": "66080.0", "T": 1712142204775, "m": false, "s": "BTC-USDT"}], "_doc": "ccb78791-9288-4080-baf3-b7e948ac1b74"}, {"code": 0, "dataType": "BTC-USDT@trade", "data": [{"q": "0.0064", "p": "66079.5", "T": 1712142204808, "m": false, "s": "BTC-USDT"}, {"q": "0.0041", "p": "66080.0", "T": 1712142204808, "m": false, "s": "BTC-USDT"}, {"q": "0.0045", "p": "66080.0", "T": 1712142204808, "m": false, "s": "BTC-USDT"}, {"q": "0.1264", "p": "66080.0", "T": 1712142204775, "m": false, "s": "BTC-USDT"}, {"q": "0.0047", "p": "66080.0", "T": 1712142204174, "m": false, "s": "BTC-USDT"}, {"q": "0.0301", "p": "66080.4", "T": 1712142204173, "m": true, "s": "BTC-USDT"}], "_doc": "8317363a-60b9-4be9-86d6-120efa4fd305"}, {"code": 0, "dataType": "BTC-USDT@trade", "data": [{"q": "0.3666", "p": "66080.4", "T": 1712142204020, "m": true, "s": "BTC-USDT"}, {"q": "0.1905", "p": "66080.9", "T": 1712142203842, "m": false, "s": "BTC-USDT"}], "_doc": "ee194b2c-bbf7-4276-b641-3c378491ee9a"}, {"code": 0, "dataType": "BTC-USDT@trade", "data": [{"q": "0.3666", "p": "66080.4", "T": 1712142204020, "m": true, "s": "BTC-USDT"}, {"q": "0.1905", "p": "66080.9", "T": 1712142203842, "m": false, "s": "BTC-USDT"}, {"q": "0.0070", "p": "66080.7", "T": 1712142203594, "m": false, "s": "BTC-USDT"}], "_doc": "e902e096-2dcc-4498-b713-5a695afef4fd"}, {"code": 0, "dataType": "BTC-USDT@trade", "data": [{"q": "0.8332", "p": "66081.6", "T": 1712142202822, "m": true, "s": "BTC-USDT"}], "_doc": "4f0aeee8-a73f-4ea8-b4db-c2e5e85f2241"}, {"code": 0, "dataType": "BTC-USDT@trade", "data": [{"q": "0.0067", "p": "66081.7", "T": 1712142202518, "m": true, "s": "BTC-USDT"}, {"q": "0.0242", "p": "66081.7", "T": 1712142202516, "m": true, "s": "BTC-USDT"}, {"q": "0.0277", "p": "66081.6", "T": 1712142202259, "m": true, "s": "BTC-USDT"}], "_doc": "8a2a583b-3593-4f25-a0c7-e6463a2a45bb"}, {"code": 0, "dataType": "BTC-USDT@trade", "data": [{"q": "0.0067", "p": "66081.7", "T": 1712142202518, "m": true, "s": "BTC-USDT"}, {"q": "0.0242", "p": "66081.7", "T": 1712142202516, "m": true, "s": "BTC-USDT"}, {"q": "0.0277", "p": "66081.6", "T": 1712142202259, "m": true, "s": "BTC-USDT"}], "_doc": "bff63f43-820f-4f2a-bf32-d0ea5c43ba15"}, {"code": 0, "dataType": "BTC-USDT@trade", "data": [{"q": "0.0099", "p": "66081.5", "T": 1712142201589, "m": false, "s": "BTC-USDT"}, {"q": "0.1902", "p": "66082.3", "T": 1712142201325, "m": true, "s": "BTC-USDT"}, {"q": "0.0001", "p": "66082.5", "T": 1712142201154, "m": true, "s": "BTC-USDT"}], "_doc": "0870f84e-774e-42a4-bac1-06e798fe9bd4"}, {"code": 0, "dataType": "BTC-USDT@trade", "data": [{"q": "0.0037", "p": "66082.0", "T": 1712142200836, "m": false, "s": "BTC-USDT"}], "_doc": "28311e12-49cc-40c4-9f48-a23f7371beb8"}, {"id": "0y1HjLacrfjNTA0wIlxf", "code": 0, "msg": "", "dataType": "", "data": null, "_doc": "187f55c2-9067-4c20-8c9d-313dd53a0af6"}, {"code": 0, "dataType": "BTC-USDT@trade", "data": [{"q": "7.1965", "p": "66099.1", "T": 1712141212653, "m": false, "s": "BTC-USDT"}, {"q": "0.0020", "p": "66099.1", "T": 1712141212493, "m": false, "s": "BTC-USDT"}], "_doc": "3111a4af-7012-44e0-a36c-d167ece6a495"}, {"code": 0, "dataType": "BTC-USDT@trade", "data": [{"q": "0.0010", "p": "66099.1", "T": 1712141212037, "m": false, "s": "BTC-USDT"}], "_doc": "9d23617b-e780-4435-ad19-bbdf45d4da00"}, {"code": 0, "dataType": "BTC-USDT@trade", "data": [{"q": "0.0010", "p": "66099.1", "T": 1712141212037, "m": false, "s": "BTC-USDT"}, {"q": "0.0010", "p": "66099.1", "T": 1712141211439, "m": false, "s": "BTC-USDT"}], "_doc": "a1465e5d-3add-4429-9812-9644c021735b"}, {"code": 0, "dataType": "BTC-USDT@trade", "data": [{"q": "0.0010", "p": "66099.2", "T": 1712141211169, "m": true, "s": "BTC-USDT"}, {"q": "0.0010", "p": "66099.1", "T": 1712141210765, "m": false, "s": "BTC-USDT"}], "_doc": "f5e58e93-3b35-4436-8d0e-e5ccf8da5c20"}, {"code": 0, "dataType": "BTC-USDT@trade", "data": [{"q": "0.0010", "p": "66099.3", "T": 1712141209672, "m": true, "s": "BTC-USDT"}], "_doc": "bbcb2824-61a2-4714-b0e0-f1201231003e"}, {"code": 0, "dataType": "BTC-USDT@trade", "data": [{"q": "0.0015", "p": "66099.1", "T": 1712141209387, "m": false, "s": "BTC-USDT"}, {"q": "0.0001", "p": "66099.1", "T": 1712141209387, "m": false, "s": "BTC-USDT"}], "_doc": "4731551b-fbb6-41de-b4e7-ea7cd7f5442a"}, {"code": 0, "dataType": "BTC-USDT@trade", "data": [{"q": "0.0010", "p": "66099.2", "T": 1712141208781, "m": true, "s": "BTC-USDT"}], "_doc": "7f825f3b-e8b4-4b13-8590-65f40153df1b"}, {"code": 0, "dataType": "BTC-USDT@trade", "data": [{"q": "0.0010", "p": "66099.2", "T": 1712141208781, "m": true, "s": "BTC-USDT"}, {"q": "0.0022", "p": "66099.1", "T": 1712141208598, "m": false, "s": "BTC-USDT"}], "_doc": "d798ba1a-0fab-4add-ad18-169871fca4c8"}, {"id": "v2oFZdV9JzVN4jou4NOO", "code": 0, "msg": "", "dataType": "", "data": null, "_doc": "061fee0a-7e64-46d8-9d30-ab1c2211a04c"}, {"code": 0, "dataType": "BTC-USDT@trade", "data": [{"q": "0.0010", "p": "66099.5", "T": 1712141206769, "m": false, "s": "BTC-USDT"}, {"q": "0.0018", "p": "66099.4", "T": 1712141206508, "m": false, "s": "BTC-USDT"}, {"q": "0.0001", "p": "66099.4", "T": 1712141206504, "m": false, "s": "BTC-USDT"}], "_doc": "1034efa0-c9ad-4592-8f7a-94a5a33ce1f7"}, {"code": 0, "dataType": "BTC-USDT@trade", "data": [{"q": "0.0018", "p": "66099.4", "T": 1712141206508, "m": false, "s": "BTC-USDT"}, {"q": "0.0001", "p": "66099.4", "T": 1712141206504, "m": false, "s": "BTC-USDT"}, {"q": "0.0010", "p": "66099.4", "T": 1712141206490, "m": true, "s": "BTC-USDT"}, {"q": "0.0226", "p": "66099.2", "T": 1712141206188, "m": false, "s": "BTC-USDT"}], "_doc": "f3464a27-9c8a-4ce4-ac72-39950683f5ee"}, {"code": 0, "dataType": "BTC-USDT@trade", "data": [{"q": "0.0010", "p": "66097.2", "T": 1712141204850, "m": true, "s": "BTC-USDT"}], "_doc": "86f621d2-8fbe-40d0-96f3-e29993df4a98"}, {"code": 0, "dataType": "BTC-USDT@trade", "data": [{"q": "0.0010", "p": "66097.2", "T": 1712141204850, "m": true, "s": "BTC-USDT"}], "_doc": "5051a03c-fc67-4cc4-814a-980e880dce15"}, {"code": 0, "dataType": "BTC-USDT@trade", "data": [{"q": "0.2000", "p": "66097.3", "T": 1712141203928, "m": true, "s": "BTC-USDT"}, {"q": "0.0021", "p": "66095.9", "T": 1712141203588, "m": false, "s": "BTC-USDT"}], "_doc": "6e4938af-069b-4e45-b5be-c3238134d633"}, {"code": 0, "dataType": "BTC-USDT@trade", "data": [{"q": "0.0010", "p": "66096.0", "T": 1712141202770, "m": false, "s": "BTC-USDT"}, {"q": "0.0010", "p": "66095.9", "T": 1712141202628, "m": false, "s": "BTC-USDT"}], "_doc": "1787a349-34a3-4f70-84dd-ee1542fe0a14"}, {"code": 0, "dataType": "BTC-USDT@trade", "data": [{"q": "0.0001", "p": "66095.5", "T": 1712141202442, "m": false, "s": "BTC-USDT"}], "_doc": "db87e0a9-7814-46c0-85c6-3e28c8c41a0e"}, {"code": 0, "dataType": "BTC-USDT@trade", "data": [{"q": "0.0324", "p": "66097.0", "T": 1712141201414, "m": true, "s": "BTC-USDT"}, {"q": "0.0015", "p": "66095.5", "T": 1712141201114, "m": false, "s": "BTC-USDT"}], "_doc": "b7837a08-0405-4cc3-9ab7-a8631c31f409"}, {"code": 0, "dataType": "BTC-USDT@trade", "data": [{"q": "0.0010", "p": "66096.0", "T": 1712141200795, "m": false, "s": "BTC-USDT"}], "_doc": "9ff4d823-bcf1-4091-8c11-2a47fc9a6ee0"}, {"code": 0, "dataType": "BTC-USDT@trade", "data": [{"q": "0.0010", "p": "66096.0", "T": 1712141200795, "m": false, "s": "BTC-USDT"}, {"q": "0.0010", "p": "66097.2", "T": 1712141200382, "m": true, "s": "BTC-USDT"}, {"q": "0.0528", "p": "66097.4", "T": 1712141200110, "m": true, "s": "BTC-USDT"}], "_doc": "c2e7dc95-f721-4ff9-893a-7ab2f426ca37"}, {"code": 0, "dataType": "BTC-USDT@trade", "data": [{"q": "0.0010", "p": "66096.0", "T": 1712141199298, "m": false, "s": "BTC-USDT"}, {"q": "0.2515", "p": "66095.7", "T": 1712141199168, "m": false, "s": "BTC-USDT"}], "_doc": "85aab488-64a2-4dba-aec6-034afe2377b2"}, {"id": "fcQHfRXnqS7LvlDYFYTu", "code": 0, "msg": "", "dataType": "", "data": null, "_doc": "6687573f-e4e6-4292-86fe-158c957cac61"}, {"code": 0, "dataType": "BTC-USDT@trade", "data": [{"q": "0.0001", "p": "66122.2", "T": 1712141175491, "m": true, "s": "BTC-USDT"}], "_doc": "cc0bc97d-b2e9-4fdb-866a-9171911c7617"}, {"code": 0, "dataType": "BTC-USDT@trade", "data": [{"q": "0.0040", "p": "66121.0", "T": 1712141175146, "m": false, "s": "BTC-USDT"}], "_doc": "4848999f-6b87-4517-9ab7-1da273d6bba1"}, {"code": 0, "dataType": "BTC-USDT@trade", "data": [{"q": "0.0040", "p": "66121.0", "T": 1712141175146, "m": false, "s": "BTC-USDT"}, {"q": "0.0010", "p": "66121.6", "T": 1712141174873, "m": false, "s": "BTC-USDT"}, {"q": "0.0030", "p": "66121.8", "T": 1712141174520, "m": true, "s": "BTC-USDT"}], "_doc": "7ae97675-b42b-4dbb-82ad-40cc918b35d8"}, {"code": 0, "dataType": "BTC-USDT@trade", "data": [{"q": "0.0010", "p": "66121.6", "T": 1712141174171, "m": false, "s": "BTC-USDT"}], "_doc": "380f9a80-7bd7-4c80-bf6b-679d88b25e65"}, {"code": 0, "dataType": "BTC-USDT@trade", "data": [{"q": "0.0019", "p": "66122.3", "T": 1712141173517, "m": true, "s": "BTC-USDT"}], "_doc": "3ca7ea57-1481-4dd3-9e75-ed28563f7afd"}, {"code": 0, "dataType": "BTC-USDT@trade", "data": [{"q": "0.0019", "p": "66122.3", "T": 1712141173517, "m": true, "s": "BTC-USDT"}], "_doc": "5cbb4757-0c84-41dd-976b-a66e2d7c8f21"}, {"code": 0, "dataType": "BTC-USDT@trade", "data": [{"q": "0.0010", "p": "66121.9", "T": 1712141172908, "m": false, "s": "BTC-USDT"}, {"q": "0.0010", "p": "66122.3", "T": 1712141172635, "m": true, "s": "BTC-USDT"}], "_doc": "c5144eb4-47a9-46c0-a2c9-7d348da9c9ac"}, {"code": 0, "dataType": "BTC-USDT@trade", "data": [{"q": "0.0010", "p": "66121.9", "T": 1712141172908, "m": false, "s": "BTC-USDT"}, {"q": "0.0010", "p": "66122.3", "T": 1712141172635, "m": true, "s": "BTC-USDT"}, {"q": "0.0326", "p": "66121.1", "T": 1712141172443, "m": false, "s": "BTC-USDT"}, {"q": "0.0010", "p": "66122.0", "T": 1712141172384, "m": true, "s": "BTC-USDT"}, {"q": "0.0010", "p": "66121.8", "T": 1712141172170, "m": false, "s": "BTC-USDT"}, {"q": "0.0001", "p": "66121.9", "T": 1712141172084, "m": true, "s": "BTC-USDT"}, {"q": "0.0011", "p": "66121.9", "T": 1712141172070, "m": true, "s": "BTC-USDT"}, {"q": "0.0010", "p": "66118.4", "T": 1712141172031, "m": false, "s": "BTC-USDT"}], "_doc": "6ea6be6f-ceb3-4cff-ade5-cccfeddee369"}, {"code": 0, "dataType": "BTC-USDT@trade", "data": [{"q": "0.0010", "p": "66118.4", "T": 1712141171842, "m": true, "s": "BTC-USDT"}], "_doc": "a1832bf5-85d8-43ae-8a8a-ae159c948710"}, {"code": 0, "dataType": "BTC-USDT@trade", "data": [{"q": "0.0001", "p": "66118.0", "T": 1712141171265, "m": true, "s": "BTC-USDT"}, {"q": "0.0040", "p": "66117.0", "T": 1712141171204, "m": false, "s": "BTC-USDT"}, {"q": "0.0010", "p": "66117.4", "T": 1712141171004, "m": false, "s": "BTC-USDT"}], "_doc": "0c312de1-e1dc-4d17-8ccb-917f2494f235"}, {"id": "8hYjd8i3xnf2cULCd48K", "code": 0, "msg": "", "dataType": "", "data": null, "_doc": "04ddf37c-b257-429d-b233-92b7b00e9ccc"}, {"code": 0, "dataType": "BTC-USDT@trade", "data": [{"q": "0.0001", "p": "66107.3", "T": 1712141115331, "m": true, "s": "BTC-USDT"}, {"q": "0.0016", "p": "66107.1", "T": 1712141115026, "m": false, "s": "BTC-USDT"}], "_doc": "6ff47f59-4c9b-4f89-b27c-9dd8906691e7"}, {"code": 0, "dataType": "BTC-USDT@trade", "data": [{"q": "0.0001", "p": "66107.3", "T": 1712141115331, "m": true, "s": "BTC-USDT"}, {"q": "0.0016", "p": "66107.1", "T": 1712141115026, "m": false, "s": "BTC-USDT"}, {"q": "0.7843", "p": "66107.1", "T": 1712141114851, "m": false, "s": "BTC-USDT"}], "_doc": "f852ba13-110e-4ce4-af3f-f6cb38305baf"}, {"code": 0, "dataType": "BTC-USDT@trade", "data": [{"q": "0.0131", "p": "66107.3", "T": 1712141114370, "m": true, "s": "BTC-USDT"}, {"q": "0.0110", "p": "66109.7", "T": 1712141114351, "m": false, "s": "BTC-USDT"}, {"q": "0.0466", "p": "66109.7", "T": 1712141114351, "m": false, "s": "BTC-USDT"}, {"q": "0.0028", "p": "66109.9", "T": 1712141114290, "m": false, "s": "BTC-USDT"}, {"q": "0.0037", "p": "66110.4", "T": 1712141114288, "m": false, "s": "BTC-USDT"}, {"q": "6.8897", "p": "66115.0", "T": 1712141114288, "m": false, "s": "BTC-USDT"}, {"q": "0.4426", "p": "66115.0", "T": 1712141114287, "m": false, "s": "BTC-USDT"}, {"q": "0.0002", "p": "66115.0", "T": 1712141114285, "m": false, "s": "BTC-USDT"}], "_doc": "c48ba0c9-da92-4cd3-89b3-cd1f6e43d0cb"}, {"code": 0, "dataType": "BTC-USDT@trade", "data": [{"q": "0.0553", "p": "66116.3", "T": 1712141113571, "m": true, "s": "BTC-USDT"}], "_doc": "148a45e7-546d-4fcb-988c-14ece288e868"}, {"code": 0, "dataType": "BTC-USDT@trade", "data": [{"q": "0.0553", "p": "66116.3", "T": 1712141113571, "m": true, "s": "BTC-USDT"}, {"q": "0.0011", "p": "66116.3", "T": 1712141113377, "m": true, "s": "BTC-USDT"}, {"q": "0.0390", "p": "66115.1", "T": 1712141113220, "m": false, "s": "BTC-USDT"}, {"q": "0.0740", "p": "66113.0", "T": 1712141113217, "m": false, "s": "BTC-USDT"}], "_doc": "49f44924-d582-4291-a13a-f6a39eb93ceb"}