[{"code": 0, "data": {"E": 1712142400095, "T": 1712142400059, "e": "trade", "m": false, "p": "65857.09", "q": "0.00162", "s": "BTC-USDT", "t": "96958651"}, "dataType": "BTC-USDT@trade", "success": true, "_doc": "ca0597de-edb0-4690-8977-126629bb7838"}, {"code": 0, "data": {"E": 1712142399138, "T": 1712142399086, "e": "trade", "m": false, "p": "65852.41", "q": "0.00183", "s": "BTC-USDT", "t": "96958648"}, "dataType": "BTC-USDT@trade", "success": true, "_doc": "95cd2c62-7875-45a5-915a-19c6578ef494"}, {"code": 0, "data": {"E": 1712142398553, "T": 1712142398512, "e": "trade", "m": false, "p": "65849.60", "q": "0.00173", "s": "BTC-USDT", "t": "96958647"}, "dataType": "BTC-USDT@trade", "success": true, "_doc": "ce97a1d5-ac82-4747-bda7-93ad19517272"}, {"code": 0, "data": {"E": 1712142397857, "T": 1712142397822, "e": "trade", "m": true, "p": "65837.66", "q": "0.00169", "s": "BTC-USDT", "t": "96958646"}, "dataType": "BTC-USDT@trade", "success": true, "_doc": "f00a525e-48ec-4bf3-ac30-b77b98a6fdbc"}, {"code": 0, "data": {"E": 1712142397205, "T": 1712142397162, "e": "trade", "m": true, "p": "65834.65", "q": "0.00183", "s": "BTC-USDT", "t": "96958644"}, "dataType": "BTC-USDT@trade", "success": true, "_doc": "509c8467-0d50-4017-9cc5-9a59c40f2779"}, {"code": 0, "data": {"E": 1712142390676, "T": 1712142390634, "e": "trade", "m": true, "p": "65878.95", "q": "0.09212", "s": "BTC-USDT", "t": "96958516"}, "dataType": "BTC-USDT@trade", "success": true, "_doc": "cd53bf61-7c96-48f0-bdc3-3e9602133e26"}, {"code": 0, "data": {"E": 1712142390001, "T": 1712142389968, "e": "trade", "m": true, "p": "65879.05", "q": "0.00174", "s": "BTC-USDT", "t": "96958515"}, "dataType": "BTC-USDT@trade", "success": true, "_doc": "26ac3e4e-2fc0-44bc-a378-e949dd3de3ee"}, {"code": 0, "data": {"E": 1712142389070, "T": 1712142389024, "e": "trade", "m": false, "p": "65880.64", "q": "0.00003", "s": "BTC-USDT", "t": "96958505"}, "dataType": "BTC-USDT@trade", "success": true, "_doc": "ccc2a3bb-6078-41a3-97f1-6b8e6e2d349d"}, {"code": 0, "data": {"E": 1712142388596, "T": 1712142388516, "e": "trade", "m": false, "p": "65886.50", "q": "0.00002", "s": "BTC-USDT", "t": "96958494"}, "dataType": "BTC-USDT@trade", "success": true, "_doc": "82b34c89-42a6-4ffd-a466-d8579f65abc8"}, {"code": 0, "data": {"E": 1712142387239, "T": 1712142387205, "e": "trade", "m": true, "p": "65890.67", "q": "0.00184", "s": "BTC-USDT", "t": "96958480"}, "dataType": "BTC-USDT@trade", "success": true, "_doc": "59310e17-61b1-472a-abd2-4ae9a4deaf99"}, {"ping": "aae0384ce1bf4dc98c5326c8e0d10cad", "time": "2024-04-03T19:06:21.185+0800", "_doc": "cac423e9-2812-485b-80f6-477215aa911a"}, {"code": 0, "data": {"E": 1712142379617, "T": 1712142379575, "e": "trade", "m": false, "p": "65914.05", "q": "0.00174", "s": "BTC-USDT", "t": "96958457"}, "dataType": "BTC-USDT@trade", "success": true, "_doc": "21e5d7dd-0264-4e67-9508-503ce1dfcd89"}, {"code": 0, "data": {"E": 1712142379091, "T": 1712142379059, "e": "trade", "m": true, "p": "65914.99", "q": "0.20341", "s": "BTC-USDT", "t": "96958455"}, "dataType": "BTC-USDT@trade", "success": true, "_doc": "1764507c-c0b6-4612-b128-8b5928b98ff8"}, {"code": 0, "data": {"E": 1712142378445, "T": 1712142378410, "e": "trade", "m": true, "p": "65915.22", "q": "0.12550", "s": "BTC-USDT", "t": "96958454"}, "dataType": "BTC-USDT@trade", "success": true, "_doc": "902be7f6-5164-48c3-bdfd-78a16ffc79d6"}, {"code": 0, "data": {"E": 1712142377728, "T": 1712142377692, "e": "trade", "m": false, "p": "65912.51", "q": "0.06553", "s": "BTC-USDT", "t": "96958452"}, "dataType": "BTC-USDT@trade", "success": true, "_doc": "743d0bb4-6441-439e-a22b-7bf6546732af"}, {"code": 0, "data": {"E": 1712142377137, "T": 1712142377103, "e": "trade", "m": false, "p": "65909.68", "q": "0.00175", "s": "BTC-USDT", "t": "96958446"}, "dataType": "BTC-USDT@trade", "success": true, "_doc": "09ddd69b-795d-46e4-9448-aaa904bd3cf4"}, {"code": 0, "data": {"E": 1712142372150, "T": 1712142372118, "e": "trade", "m": true, "p": "65898.31", "q": "0.00175", "s": "BTC-USDT", "t": "96958429"}, "dataType": "BTC-USDT@trade", "success": true, "_doc": "530313f4-624e-45b2-9b46-ed32d8d2d762"}, {"code": 0, "data": {"E": 1712142370969, "T": 1712142370942, "e": "trade", "m": false, "p": "65900.44", "q": "0.00171", "s": "BTC-USDT", "t": "96958427"}, "dataType": "BTC-USDT@trade", "success": true, "_doc": "1a357c37-7613-4583-bba5-ec5164f788ad"}, {"code": 0, "data": {"E": 1712142369967, "T": 1712142369931, "e": "trade", "m": true, "p": "65902.43", "q": "1.71226", "s": "BTC-USDT", "t": "96958424"}, "dataType": "BTC-USDT@trade", "success": true, "_doc": "555eeb17-58cb-46c6-97e5-bc501c4576be"}, {"code": 0, "data": {"E": 1712142369314, "T": 1712142369249, "e": "trade", "m": true, "p": "65912.06", "q": "0.00175", "s": "BTC-USDT", "t": "96958421"}, "dataType": "BTC-USDT@trade", "success": true, "_doc": "7cce14a7-e4f5-42bf-a39a-8d978c67b0c3"}, {"code": 0, "data": {"E": 1712142368090, "T": 1712142368058, "e": "trade", "m": false, "p": "65920.03", "q": "0.00172", "s": "BTC-USDT", "t": "96958419"}, "dataType": "BTC-USDT@trade", "success": true, "_doc": "9b71fc9d-b4a2-4ab2-bed4-4b9f51821880"}, {"code": 0, "id": "xDFRaMNTs4pVVTGK0JB5", "msg": "SUCCESS", "timestamp": 1712142363120, "_doc": "e9266a55-9176-4492-8424-fb828c5f37ee"}, {"code": 0, "data": {"E": 1712142314435, "T": 1712142314389, "e": "trade", "m": true, "p": "66055.83", "q": "0.00155", "s": "BTC-USDT", "t": "96958086"}, "dataType": "BTC-USDT@trade", "success": true, "_doc": "ed179fc4-260d-47df-9cbe-368cae3e70c2"}, {"code": 0, "data": {"E": 1712142309258, "T": 1712142309225, "e": "trade", "m": false, "p": "66053.46", "q": "0.03609", "s": "BTC-USDT", "t": "96958074"}, "dataType": "BTC-USDT@trade", "success": true, "_doc": "53d91231-60da-4083-a461-a75db348cee7"}, {"code": 0, "data": {"E": 1712142308310, "T": 1712142308269, "e": "trade", "m": true, "p": "66053.48", "q": "0.00162", "s": "BTC-USDT", "t": "96958072"}, "dataType": "BTC-USDT@trade", "success": true, "_doc": "024fdefb-c62f-41c7-8cbc-d6e5f5062dd8"}, {"code": 0, "data": {"E": 1712142307507, "T": 1712142307471, "e": "trade", "m": true, "p": "66052.90", "q": "0.00029", "s": "BTC-USDT", "t": "96958069"}, "dataType": "BTC-USDT@trade", "success": true, "_doc": "c761074a-97fc-49e5-b93f-82c83bb19b0c"}, {"code": 0, "data": {"E": 1712142305619, "T": 1712142305588, "e": "trade", "m": false, "p": "66050.98", "q": "0.04185", "s": "BTC-USDT", "t": "96958064"}, "dataType": "BTC-USDT@trade", "success": true, "_doc": "824fc905-9ba6-4e0f-9cea-811f4ed875f4"}, {"code": 0, "data": {"E": 1712142304470, "T": 1712142304437, "e": "trade", "m": true, "p": "66047.13", "q": "0.00162", "s": "BTC-USDT", "t": "96958063"}, "dataType": "BTC-USDT@trade", "success": true, "_doc": "80c8db2b-1213-43eb-b48e-42162604b4ff"}, {"code": 0, "id": "Z6lMAHE6ZZDfSnhmOjzi", "msg": "SUCCESS", "timestamp": 1712142301854, "_doc": "a0a1367c-3565-40e6-a691-6092b41f6015"}, {"code": 0, "data": {"E": 1712142282735, "T": 1712142282694, "e": "trade", "m": true, "p": "66060.63", "q": "0.00163", "s": "BTC-USDT", "t": "96958012"}, "dataType": "BTC-USDT@trade", "success": true, "_doc": "64d8ac1a-f364-4590-b5a7-f52fd7ad1de6"}, {"code": 0, "data": {"E": 1712142281681, "T": 1712142281635, "e": "trade", "m": false, "p": "66055.51", "q": "0.00157", "s": "BTC-USDT", "t": "96958011"}, "dataType": "BTC-USDT@trade", "success": true, "_doc": "16a89b39-23ce-4d05-bce7-1479ed7a5f06"}, {"code": 0, "data": {"E": 1712142281018, "T": 1712142280987, "e": "trade", "m": true, "p": "66055.80", "q": "0.01144", "s": "BTC-USDT", "t": "96958007"}, "dataType": "BTC-USDT@trade", "success": true, "_doc": "2972a302-fb9d-4320-a210-4e559d0d41e9"}, {"code": 0, "id": "emlcHdNwq1TQcbQwYUWh", "msg": "SUCCESS", "timestamp": 1712142278695, "_doc": "521977da-be0c-4b3a-8493-83dff6d8ec6b"}, {"code": 0, "data": {"E": 1712142250653, "T": 1712142250616, "e": "trade", "m": true, "p": "66045.48", "q": "0.00165", "s": "BTC-USDT", "t": "96957940"}, "dataType": "BTC-USDT@trade", "success": true, "_doc": "5adc2903-85be-4406-bab5-49f8ca9d7d10"}, {"code": 0, "data": {"E": 1712142249120, "T": 1712142249082, "e": "trade", "m": false, "p": "66045.86", "q": "0.04585", "s": "BTC-USDT", "t": "96957937"}, "dataType": "BTC-USDT@trade", "success": true, "_doc": "4589d8d8-d2dc-4423-960d-86f07dba94bc"}, {"code": 0, "data": {"E": 1712142248415, "T": 1712142248372, "e": "trade", "m": false, "p": "66045.38", "q": "0.00165", "s": "BTC-USDT", "t": "96957936"}, "dataType": "BTC-USDT@trade", "success": true, "_doc": "3176b882-28ca-49b2-ad0c-7eb9347be9eb"}, {"code": 0, "data": {"E": 1712142247215, "T": 1712142247175, "e": "trade", "m": false, "p": "66045.19", "q": "0.05612", "s": "BTC-USDT", "t": "96957933"}, "dataType": "BTC-USDT@trade", "success": true, "_doc": "61d8d470-40b0-461c-903f-0588ede92202"}, {"code": 0, "id": "gtqz2Tofc6uIPpTsCXmL", "msg": "SUCCESS", "timestamp": 1712142245992, "_doc": "e79c9118-6cbb-47bd-bb2c-5b2ec49f4ae1"}, {"code": 0, "data": {"E": 1712142206109, "T": 1712142206078, "e": "trade", "m": true, "p": "66066.18", "q": "0.03344", "s": "BTC-USDT", "t": "96957826"}, "dataType": "BTC-USDT@trade", "success": true, "_doc": "8618f392-9963-4595-a85e-1dac8017482d"}, {"code": 0, "data": {"E": 1712142204782, "T": 1712142204728, "e": "trade", "m": false, "p": "66067.59", "q": "0.00168", "s": "BTC-USDT", "t": "96957824"}, "dataType": "BTC-USDT@trade", "success": true, "_doc": "9778f94d-508d-43ec-92db-0727111df24b"}, {"code": 0, "data": {"E": 1712142203984, "T": 1712142203960, "e": "trade", "m": true, "p": "66069.51", "q": "0.00429", "s": "BTC-USDT", "t": "96957823"}, "dataType": "BTC-USDT@trade", "success": true, "_doc": "4c853d9e-387c-42eb-9692-0d733361a3ce"}, {"code": 0, "id": "VZK0bI9YovCLtZYU9SKK", "msg": "SUCCESS", "timestamp": 1712142201441, "_doc": "e3a37c71-d86f-4dfd-9a08-847775aebb38"}, {"ping": "6fc964b8c95a46cba93a98dfcb1ad372", "time": "2024-04-03T18:46:49.640+0800", "_doc": "5293de98-c4bf-40dc-9a7a-5b47136dbfc5"}, {"code": 0, "data": {"E": 1712141209085, "T": 1712141209049, "e": "trade", "m": true, "p": "66081.22", "q": "0.20092", "s": "BTC-USDT", "t": "96955161"}, "dataType": "BTC-USDT@trade", "success": true, "_doc": "0eb46c70-7b6d-4160-afec-4bcc1b63af24"}, {"code": 0, "data": {"E": 1712141207960, "T": 1712141207918, "e": "trade", "m": false, "p": "66081.61", "q": "0.10859", "s": "BTC-USDT", "t": "96955158"}, "dataType": "BTC-USDT@trade", "success": true, "_doc": "58663f35-4e6b-43a4-8581-eab32eac0aaf"}, {"code": 0, "data": {"E": 1712141207459, "T": 1712141207422, "e": "trade", "m": true, "p": "66082.49", "q": "0.00150", "s": "BTC-USDT", "t": "96955156"}, "dataType": "BTC-USDT@trade", "success": true, "_doc": "3820948d-b487-471c-9b1d-cd97c5ea81de"}, {"code": 0, "data": {"E": 1712141206949, "T": 1712141206913, "e": "trade", "m": false, "p": "66082.59", "q": "0.14065", "s": "BTC-USDT", "t": "96955155"}, "dataType": "BTC-USDT@trade", "success": true, "_doc": "8c510d28-1823-4f94-b1aa-ead01fb98fe7"}, {"code": 0, "data": {"E": 1712141206305, "T": 1712141206261, "e": "trade", "m": true, "p": "66082.11", "q": "0.00152", "s": "BTC-USDT", "t": "96955153"}, "dataType": "BTC-USDT@trade", "success": true, "_doc": "9e3d8fb8-4d51-48eb-8307-13fd64700746"}, {"code": 0, "data": {"E": 1712141205646, "T": 1712141205599, "e": "trade", "m": true, "p": "66078.59", "q": "0.10299", "s": "BTC-USDT", "t": "96955152"}, "dataType": "BTC-USDT@trade", "success": true, "_doc": "e6724d3f-604b-4ca3-965c-f7d204fb3d5e"}, {"code": 0, "data": {"E": 1712141205118, "T": 1712141205083, "e": "trade", "m": false, "p": "66077.74", "q": "0.00150", "s": "BTC-USDT", "t": "96955148"}, "dataType": "BTC-USDT@trade", "success": true, "_doc": "03871ec6-7b6a-45b6-ba43-2d7dade3e217"}, {"code": 0, "data": {"E": 1712141204583, "T": 1712141204546, "e": "trade", "m": true, "p": "66079.62", "q": "0.18054", "s": "BTC-USDT", "t": "96955147"}, "dataType": "BTC-USDT@trade", "success": true, "_doc": "e1868f51-6928-4fa2-a1ef-edfd7d38e9f6"}, {"code": 0, "id": "RLPc6qhezPqeYfD1yzue", "msg": "SUCCESS", "timestamp": 1712141200437, "_doc": "d773e33b-7068-4172-9652-04774d6bc21a"}, {"code": 0, "data": {"E": 1712141175547, "T": 1712141175517, "e": "trade", "m": false, "p": "66102.31", "q": "0.13310", "s": "BTC-USDT", "t": "96955065"}, "dataType": "BTC-USDT@trade", "success": true, "_doc": "a4b605a8-c803-4b57-96d9-762fed0fb208"}, {"code": 0, "data": {"E": 1712141175038, "T": 1712141175011, "e": "trade", "m": false, "p": "66101.70", "q": "0.00154", "s": "BTC-USDT", "t": "96955062"}, "dataType": "BTC-USDT@trade", "success": true, "_doc": "23b89001-b53b-4a2d-857a-5c2ac318c5b6"}, {"code": 0, "data": {"E": 1712141173127, "T": 1712141173090, "e": "trade", "m": false, "p": "66100.03", "q": "0.00045", "s": "BTC-USDT", "t": "96955056"}, "dataType": "BTC-USDT@trade", "success": true, "_doc": "569166f9-37b1-4512-b881-bf857426ae7b"}, {"code": 0, "id": "LVWXTCjL4aa3DYU6mlKR", "msg": "SUCCESS", "timestamp": 1712141172092, "_doc": "230cdc07-c234-49f9-b7cd-9e3c27bb4a4f"}, {"code": 0, "data": {"E": 1712141116116, "T": 1712141116085, "e": "trade", "m": true, "p": "66089.64", "q": "0.00007", "s": "BTC-USDT", "t": "96954894"}, "dataType": "BTC-USDT@trade", "success": true, "_doc": "f05619b2-ae3c-4409-b70e-1e3855b928fd"}, {"code": 0, "data": {"E": 1712141115353, "T": 1712141115313, "e": "trade", "m": true, "p": "66099.18", "q": "0.00138", "s": "BTC-USDT", "t": "96954892"}, "dataType": "BTC-USDT@trade", "success": true, "_doc": "48b37bfe-eaa7-4f85-9215-c3c040650190"}, {"code": 0, "data": {"E": 1712141114597, "T": 1712141114574, "e": "trade", "m": false, "p": "66098.24", "q": "0.00153", "s": "BTC-USDT", "t": "96954891"}, "dataType": "BTC-USDT@trade", "success": true, "_doc": "2ac64040-e6f3-454f-983d-3c94427e6c5a"}, {"code": 0, "data": {"E": 1712141114016, "T": 1712141113974, "e": "trade", "m": false, "p": "66102.15", "q": "0.07652", "s": "BTC-USDT", "t": "96954890"}, "dataType": "BTC-USDT@trade", "success": true, "_doc": "914e97b9-a608-4166-84d1-a8fb0457db26"}, {"code": 0, "data": {"E": 1712141113147, "T": 1712141113116, "e": "trade", "m": false, "p": "66099.88", "q": "0.00146", "s": "BTC-USDT", "t": "96954889"}, "dataType": "BTC-USDT@trade", "success": true, "_doc": "4551a1a0-5fac-4522-9f89-8ca1731d4532"}, {"code": 0, "id": "ceS45NwQUCaldLHdA8KL", "msg": "SUCCESS", "timestamp": 1712141111580, "_doc": "51c5a863-9415-4868-b927-85fbce525dad"}, {"code": 0, "data": {"E": 1712141071555, "T": 1712141071523, "e": "trade", "m": false, "p": "66101.71", "q": "0.00148", "s": "BTC-USDT", "t": "96954759"}, "dataType": "BTC-USDT@trade", "success": true, "_doc": "f9d0d0fe-1c1f-460a-8ebb-97d0d4f8e810"}, {"code": 0, "data": {"E": 1712141070941, "T": 1712141070903, "e": "trade", "m": false, "p": "66104.48", "q": "0.00140", "s": "BTC-USDT", "t": "96954758"}, "dataType": "BTC-USDT@trade", "success": true, "_doc": "81e9a458-b5a1-44f4-a9f6-32fef576e8eb"}, {"code": 0, "data": {"E": 1712141070217, "T": 1712141070185, "e": "trade", "m": false, "p": "66106.28", "q": "0.00167", "s": "BTC-USDT", "t": "96954757"}, "dataType": "BTC-USDT@trade", "success": true, "_doc": "8126ead0-a417-498a-8684-e33d1461ec63"}, {"code": 0, "data": {"E": 1712141069605, "T": 1712141069562, "e": "trade", "m": false, "p": "66102.88", "q": "0.00180", "s": "BTC-USDT", "t": "96954752"}, "dataType": "BTC-USDT@trade", "success": true, "_doc": "48e401d5-3c47-4827-8600-5b8fafc8a8a9"}, {"code": 0, "data": {"E": 1712141068131, "T": 1712141068091, "e": "trade", "m": true, "p": "66104.89", "q": "0.00140", "s": "BTC-USDT", "t": "96954749"}, "dataType": "BTC-USDT@trade", "success": true, "_doc": "6cbb714c-911f-4643-97f6-a6ea936ca714"}, {"code": 0, "data": {"E": 1712141067445, "T": 1712141067417, "e": "trade", "m": true, "p": "66102.03", "q": "0.00180", "s": "BTC-USDT", "t": "96954747"}, "dataType": "BTC-USDT@trade", "success": true, "_doc": "9843f3e1-0603-4ca9-9487-92b793c85b34"}, {"code": 0, "id": "2xnATzE3GkaFdCOSUd5p", "msg": "SUCCESS", "timestamp": 1712141066915, "_doc": "27580de0-4969-4d92-990d-dc69582d32ce"}, {"code": 0, "data": {"E": 1712141039339, "T": 1712141039306, "e": "trade", "m": true, "p": "66093.11", "q": "0.00156", "s": "BTC-USDT", "t": "96954650"}, "dataType": "BTC-USDT@trade", "success": true, "_doc": "e3bd9d81-7d84-4531-bff8-d7fa713239e7"}, {"code": 0, "data": {"E": 1712141038632, "T": 1712141038592, "e": "trade", "m": true, "p": "66093.70", "q": "0.00169", "s": "BTC-USDT", "t": "96954649"}, "dataType": "BTC-USDT@trade", "success": true, "_doc": "3411a481-0e71-403b-aeb5-858eef2ea20a"}, {"code": 0, "data": {"E": 1712141037778, "T": 1712141037746, "e": "trade", "m": false, "p": "66093.11", "q": "0.00157", "s": "BTC-USDT", "t": "96954647"}, "dataType": "BTC-USDT@trade", "success": true, "_doc": "f1601e2f-f2a5-46d7-a723-0b65553a53f6"}, {"code": 0, "data": {"E": 1712141037210, "T": 1712141037167, "e": "trade", "m": false, "p": "66092.95", "q": "0.00142", "s": "BTC-USDT", "t": "96954644"}, "dataType": "BTC-USDT@trade", "success": true, "_doc": "0aa60953-59b6-45bf-abd0-88c0a7fa5509"}, {"code": 0, "id": "UYwu3CZ8YCa1IhYOwSlG", "msg": "SUCCESS", "timestamp": 1712141035127, "_doc": "1897cd13-5e27-4773-ad9d-9cbee1faf493"}, {"code": 0, "data": {"E": 1712140995483, "T": 1712140995458, "e": "trade", "m": true, "p": "66092.32", "q": "0.00152", "s": "BTC-USDT", "t": "96954515"}, "dataType": "BTC-USDT@trade", "success": true, "_doc": "f109ea6f-b92b-485f-a75d-2ea153753ae6"}, {"code": 0, "data": {"E": 1712140994726, "T": 1712140994692, "e": "trade", "m": true, "p": "66092.53", "q": "0.00015", "s": "BTC-USDT", "t": "96954514"}, "dataType": "BTC-USDT@trade", "success": true, "_doc": "b3c44097-5c8c-455b-b91f-6ebb81d73418"}, {"code": 0, "data": {"E": 1712140994083, "T": 1712140994052, "e": "trade", "m": false, "p": "66087.17", "q": "0.00152", "s": "BTC-USDT", "t": "96954509"}, "dataType": "BTC-USDT@trade", "success": true, "_doc": "b83f635e-ae6f-4f4d-aab0-0fe9d8ee882a"}, {"code": 0, "data": {"E": 1712140993370, "T": 1712140993337, "e": "trade", "m": true, "p": "66088.75", "q": "0.00146", "s": "BTC-USDT", "t": "96954508"}, "dataType": "BTC-USDT@trade", "success": true, "_doc": "4710a7d2-c1dc-4c50-b035-3348c1f9d509"}, {"code": 0, "id": "xxX0DdlGzKiE4BtQcUVA", "msg": "SUCCESS", "timestamp": 1712140992115, "_doc": "d1946cfc-ef6c-4d4e-8093-ccf72275d86e"}, {"code": 0, "data": {"E": 1712140965045, "T": 1712140965013, "e": "trade", "m": true, "p": "66049.63", "q": "0.02938", "s": "BTC-USDT", "t": "96954245"}, "dataType": "BTC-USDT@trade", "success": true, "_doc": "d7245c5c-a931-417b-b25e-b666a5ad131c"}, {"code": 0, "data": {"E": 1712140964325, "T": 1712140964300, "e": "trade", "m": false, "p": "66050.80", "q": "0.00156", "s": "BTC-USDT", "t": "96954239"}, "dataType": "BTC-USDT@trade", "success": true, "_doc": "347ac4e2-d3a6-4616-b0d4-907f1cf43aac"}, {"code": 0, "id": "dXIjGBGCHH5Y3tG3DS2A", "msg": "SUCCESS", "timestamp": 1712140960602, "_doc": "a996c4db-9a9c-4669-b17b-d156ca8b16d0"}, {"code": 0, "data": {"E": 1712140867698, "T": 1712140867666, "e": "trade", "m": true, "p": "66260.04", "q": "0.01535", "s": "BTC-USDT", "t": "96953820"}, "dataType": "BTC-USDT@trade", "success": true, "_doc": "85091584-a661-46a6-af5b-cbcf82ea695a"}, {"code": 0, "data": {"E": 1712140866949, "T": 1712140866917, "e": "trade", "m": false, "p": "66258.87", "q": "0.00154", "s": "BTC-USDT", "t": "96953819"}, "dataType": "BTC-USDT@trade", "success": true, "_doc": "6faf6cb4-cbaa-47a6-8c36-b13ba859443f"}, {"code": 0, "data": {"E": 1712140866213, "T": 1712140866179, "e": "trade", "m": true, "p": "66262.06", "q": "0.00151", "s": "BTC-USDT", "t": "96953817"}, "dataType": "BTC-USDT@trade", "success": true, "_doc": "c03ea03f-64f0-4e67-a900-10ec715abd73"}, {"code": 0, "data": {"E": 1712140865455, "T": 1712140865419, "e": "trade", "m": false, "p": "66260.47", "q": "0.00161", "s": "BTC-USDT", "t": "96953815"}, "dataType": "BTC-USDT@trade", "success": true, "_doc": "4aa29c8e-11b1-437e-a692-26163bb021fa"}, {"code": 0, "id": "V8ARlD4AoHA1cajkfzbx", "msg": "SUCCESS", "timestamp": 1712140863218, "_doc": "1731aacb-a9ea-4dc7-9b37-0de5f9b0bbca"}, {"code": 0, "data": {"E": 1712140793379, "T": 1712140793337, "e": "trade", "m": false, "p": "66294.07", "q": "0.00155", "s": "BTC-USDT", "t": "96953596"}, "dataType": "BTC-USDT@trade", "success": true, "_doc": "6b5228d4-a2ef-4957-a6f6-7962d6ed45ca"}, {"code": 0, "id": "K32oYQgBRsvBzeAIezIf", "msg": "SUCCESS", "timestamp": 1712140789554, "_doc": "a0c555c9-11d5-4b16-9312-6a1416c47519"}, {"code": 0, "data": {"E": 1712140743989, "T": 1712140743955, "e": "trade", "m": true, "p": "66267.60", "q": "0.00150", "s": "BTC-USDT", "t": "96953415"}, "dataType": "BTC-USDT@trade", "success": true, "_doc": "f67842c8-d1af-4a31-afbb-17807c08f31a"}, {"code": 0, "id": "ilfl5c8Nd2EnIUDlwpmW", "msg": "SUCCESS", "timestamp": 1712140740112, "_doc": "c948b2e9-7723-4850-9894-cc42279fe856"}, {"code": 0, "data": {"E": 1712140730791, "T": 1712140730759, "e": "trade", "m": true, "p": "66280.20", "q": "0.05498", "s": "BTC-USDT", "t": "96953369"}, "dataType": "BTC-USDT@trade", "success": true, "_doc": "f99ed9c5-8cb4-4f85-92aa-2c4c5445293d"}, {"code": 0, "data": {"E": 1712140729469, "T": 1712140729432, "e": "trade", "m": false, "p": "66281.40", "q": "0.01553", "s": "BTC-USDT", "t": "96953361"}, "dataType": "BTC-USDT@trade", "success": true, "_doc": "7fd36209-eeca-4680-8859-affcdbb11bcf"}, {"code": 0, "data": {"E": 1712140728770, "T": 1712140728689, "e": "trade", "m": false, "p": "66282.15", "q": "0.01336", "s": "BTC-USDT", "t": "96953358"}, "dataType": "BTC-USDT@trade", "success": true, "_doc": "79bf0910-184c-414c-b943-70909d2ec8bc"}, {"code": 0, "data": {"E": 1712140727756, "T": 1712140727717, "e": "trade", "m": true, "p": "66281.96", "q": "0.00165", "s": "BTC-USDT", "t": "96953355"}, "dataType": "BTC-USDT@trade", "success": true, "_doc": "99216318-c9f5-4f9a-b681-c918ca4ea103"}, {"code": 0, "data": {"E": 1712140727198, "T": 1712140727168, "e": "trade", "m": false, "p": "66279.55", "q": "0.00158", "s": "BTC-USDT", "t": "96953350"}, "dataType": "BTC-USDT@trade", "success": true, "_doc": "0aed6c91-305a-4cb6-a1d2-de57b03a7de6"}, {"code": 0, "data": {"E": 1712140726532, "T": 1712140726498, "e": "trade", "m": false, "p": "66278.57", "q": "0.00144", "s": "BTC-USDT", "t": "96953348"}, "dataType": "BTC-USDT@trade", "success": true, "_doc": "6a0d36b0-2002-4a50-92c1-b4edcb450db9"}, {"code": 0, "data": {"E": 1712140725709, "T": 1712140725666, "e": "trade", "m": false, "p": "66278.80", "q": "0.00165", "s": "BTC-USDT", "t": "96953346"}, "dataType": "BTC-USDT@trade", "success": true, "_doc": "7ef8159a-b330-4258-896e-5fdae60835ac"}, {"code": 0, "data": {"E": 1712140724973, "T": 1712140724933, "e": "trade", "m": false, "p": "66277.62", "q": "0.00151", "s": "BTC-USDT", "t": "96953343"}, "dataType": "BTC-USDT@trade", "success": true, "_doc": "e6ea0f7d-f32f-487a-93a3-39027450562a"}, {"code": 0, "data": {"E": 1712140720662, "T": 1712140720627, "e": "trade", "m": false, "p": "66278.06", "q": "0.00152", "s": "BTC-USDT", "t": "96953332"}, "dataType": "BTC-USDT@trade", "success": true, "_doc": "30e66205-bfd7-4fae-8c17-77755db5ea68"}, {"code": 0, "data": {"E": 1712140720109, "T": 1712140720022, "e": "trade", "m": false, "p": "66278.79", "q": "0.00152", "s": "BTC-USDT", "t": "96953329"}, "dataType": "BTC-USDT@trade", "success": true, "_doc": "59f82df5-db7f-4bbb-9bb2-b821b7be0e78"}, {"code": 0, "data": {"E": 1712140718718, "T": 1712140718680, "e": "trade", "m": true, "p": "66279.60", "q": "0.00165", "s": "BTC-USDT", "t": "96953327"}, "dataType": "BTC-USDT@trade", "success": true, "_doc": "4e92f3cf-5bb8-499c-8ccc-ef6a1ef7ce6d"}, {"code": 0, "data": {"E": 1712140717960, "T": 1712140717918, "e": "trade", "m": true, "p": "66278.75", "q": "0.04319", "s": "BTC-USDT", "t": "96953322"}, "dataType": "BTC-USDT@trade", "success": true, "_doc": "e4d75fd7-0b4d-4eb8-9257-a52d6fb45f96"}, {"code": 0, "data": {"E": 1712140717076, "T": 1712140717024, "e": "trade", "m": false, "p": "66278.28", "q": "0.01641", "s": "BTC-USDT", "t": "96953320"}, "dataType": "BTC-USDT@trade", "success": true, "_doc": "0a81d58e-ba16-4950-be2a-63ae8fed03db"}, {"code": 0, "data": {"E": 1712140716552, "T": 1712140716519, "e": "trade", "m": false, "p": "66277.16", "q": "0.00152", "s": "BTC-USDT", "t": "96953316"}, "dataType": "BTC-USDT@trade", "success": true, "_doc": "d1283b96-7417-42fa-b1ac-71e688d8ac40"}, {"code": 0, "data": {"E": 1712140715716, "T": 1712140715684, "e": "trade", "m": false, "p": "66277.92", "q": "0.00159", "s": "BTC-USDT", "t": "96953312"}, "dataType": "BTC-USDT@trade", "success": true, "_doc": "29248aeb-9159-4f2f-8a67-d4b7cb27eb2e"}, {"code": 0, "id": "9xmvMQq0t3KMQKmWKv51", "msg": "SUCCESS", "timestamp": 1712140715291, "_doc": "02107491-f26d-46fe-9f5e-5988ecf1e2d0"}, {"code": 0, "data": {"E": 1712140609275, "T": 1712140609245, "e": "trade", "m": true, "p": "66272.39", "q": "0.05430", "s": "BTC-USDT", "t": "96952905"}, "dataType": "BTC-USDT@trade", "success": true, "_doc": "2dd1793c-f98f-4634-9846-7a6d7f9e3982"}, {"ping": "5189226bb9514cc2a0e7b9bdf372dbf3", "time": "2024-04-03T18:36:48.347+0800", "_doc": "43bcf9c7-0160-44e5-bcef-e24db821aa1f"}, {"code": 0, "data": {"E": 1712140608290, "T": 1712140608259, "e": "trade", "m": false, "p": "66272.04", "q": "0.00151", "s": "BTC-USDT", "t": "96952901"}, "dataType": "BTC-USDT@trade", "success": true, "_doc": "9aed7ced-ec35-4d67-a27a-711fcbd3f5d7"}, {"code": 0, "data": {"E": 1712140607715, "T": 1712140607642, "e": "trade", "m": false, "p": "66273.02", "q": "0.00166", "s": "BTC-USDT", "t": "96952900"}, "dataType": "BTC-USDT@trade", "success": true, "_doc": "c59267f5-8b32-474f-989e-67d11254c356"}, {"code": 0, "data": {"E": 1712140607108, "T": 1712140607080, "e": "trade", "m": false, "p": "66271.75", "q": "0.00173", "s": "BTC-USDT", "t": "96952897"}, "dataType": "BTC-USDT@trade", "success": true, "_doc": "a2d55d54-043d-4447-b148-2e21235accda"}, {"code": 0, "id": "QeKFfhNGFiaKxAJQo8Sw", "msg": "SUCCESS", "timestamp": 1712140606133, "_doc": "abfc1648-dd46-4520-9849-c6265fb5974a"}, {"code": 0, "data": {"E": 1712140600095, "T": 1712140600059, "e": "trade", "m": true, "p": "66284.84", "q": "0.01111", "s": "BTC-USDT", "t": "96952864"}, "dataType": "BTC-USDT@trade", "success": true, "_doc": "c9725b06-958c-4e3a-94c1-17465f75971d"}, {"code": 0, "data": {"E": 1712140599403, "T": 1712140599363, "e": "trade", "m": true, "p": "66284.54", "q": "0.00162", "s": "BTC-USDT", "t": "96952860"}, "dataType": "BTC-USDT@trade", "success": true, "_doc": "1c3ea05d-08d2-46d7-b9b1-27f12a1c005d"}, {"code": 0, "data": {"E": 1712140598894, "T": 1712140598853, "e": "trade", "m": true, "p": "66284.54", "q": "0.00160", "s": "BTC-USDT", "t": "96952858"}, "dataType": "BTC-USDT@trade", "success": true, "_doc": "009e2dd2-353b-442c-a46d-e66e1fa1868d"}, {"code": 0, "data": {"E": 1712140598198, "T": 1712140598166, "e": "trade", "m": false, "p": "66283.62", "q": "0.10211", "s": "BTC-USDT", "t": "96952854"}, "dataType": "BTC-USDT@trade", "success": true, "_doc": "0971aa86-2013-4c29-be95-3245724e0228"}, {"code": 0, "data": {"E": 1712140597567, "T": 1712140597541, "e": "trade", "m": true, "p": "66283.84", "q": "0.03380", "s": "BTC-USDT", "t": "96952850"}, "dataType": "BTC-USDT@trade", "success": true, "_doc": "249d86c8-e12e-4c9d-97ac-b38cb6a3c5b2"}, {"code": 0, "data": {"E": 1712140592105, "T": 1712140592058, "e": "trade", "m": true, "p": "66280.35", "q": "0.00164", "s": "BTC-USDT", "t": "96952823"}, "dataType": "BTC-USDT@trade", "success": true, "_doc": "c6ac314f-b464-4ff8-a5ea-5871754152d3"}, {"code": 0, "data": {"E": 1712140591576, "T": 1712140591545, "e": "trade", "m": true, "p": "66279.89", "q": "0.00152", "s": "BTC-USDT", "t": "96952820"}, "dataType": "BTC-USDT@trade", "success": true, "_doc": "1787e756-81ef-4041-a791-a96b03a2ee3b"}, {"code": 0, "data": {"E": 1712140590888, "T": 1712140590853, "e": "trade", "m": true, "p": "66278.34", "q": "0.00161", "s": "BTC-USDT", "t": "96952818"}, "dataType": "BTC-USDT@trade", "success": true, "_doc": "6075d218-b986-454e-b9a9-64bae756f08e"}, {"code": 0, "data": {"E": 1712140589813, "T": 1712140589762, "e": "trade", "m": false, "p": "66274.35", "q": "0.00161", "s": "BTC-USDT", "t": "96952816"}, "dataType": "BTC-USDT@trade", "success": true, "_doc": "de1b8e9c-bfda-4429-840d-156096e420b1"}, {"code": 0, "data": {"E": 1712140589155, "T": 1712140589126, "e": "trade", "m": true, "p": "66273.48", "q": "0.00130", "s": "BTC-USDT", "t": "96952813"}, "dataType": "BTC-USDT@trade", "success": true, "_doc": "947a3ee5-cf5c-4a2a-81f5-3928d5ea0d26"}, {"code": 0, "data": {"E": 1712140588614, "T": 1712140588571, "e": "trade", "m": false, "p": "66273.05", "q": "0.00161", "s": "BTC-USDT", "t": "96952805"}, "dataType": "BTC-USDT@trade", "success": true, "_doc": "919c317d-a128-43c4-bbb4-169e034ccade"}, {"code": 0, "data": {"E": 1712140587475, "T": 1712140587440, "e": "trade", "m": true, "p": "66275.41", "q": "0.00166", "s": "BTC-USDT", "t": "96952803"}, "dataType": "BTC-USDT@trade", "success": true, "_doc": "66660ffe-2a6c-4971-9ffc-3188a9502a4e"}, {"code": 0, "id": "q0dhVrmCw9RFt1fNvEm2", "msg": "SUCCESS", "timestamp": 1712140586078, "_doc": "f4d2304d-3647-4733-bde2-87f7c7de7200"}, {"code": 0, "data": {"E": 1712140545743, "T": 1712140545708, "e": "trade", "m": false, "p": "66244.70", "q": "0.00177", "s": "BTC-USDT", "t": "96952618"}, "dataType": "BTC-USDT@trade", "success": true, "_doc": "f9e1c9ae-9f7e-4b13-826f-f01157b7d19f"}, {"code": 0, "data": {"E": 1712140545180, "T": 1712140545142, "e": "trade", "m": true, "p": "66246.05", "q": "0.00164", "s": "BTC-USDT", "t": "96952616"}, "dataType": "BTC-USDT@trade", "success": true, "_doc": "c2dd71c8-07b1-4372-9e66-d00b191d7b09"}, {"code": 0, "data": {"E": 1712140544211, "T": 1712140544181, "e": "trade", "m": true, "p": "66244.03", "q": "0.00133", "s": "BTC-USDT", "t": "96952613"}, "dataType": "BTC-USDT@trade", "success": true, "_doc": "e0666a40-5287-442b-9761-13b7900b1661"}, {"code": 0, "data": {"E": 1712140543622, "T": 1712140543589, "e": "trade", "m": true, "p": "66239.91", "q": "0.00177", "s": "BTC-USDT", "t": "96952608"}, "dataType": "BTC-USDT@trade", "success": true, "_doc": "c308413a-95c5-408c-8d47-01a386b29736"}, {"code": 0, "data": {"E": 1712140542960, "T": 1712140542926, "e": "trade", "m": false, "p": "66238.07", "q": "0.00163", "s": "BTC-USDT", "t": "96952604"}, "dataType": "BTC-USDT@trade", "success": true, "_doc": "a824bdc6-20ec-4d6d-8c7b-6d608a42774f"}, {"code": 0, "data": {"E": 1712140537533, "T": 1712140537497, "e": "trade", "m": false, "p": "66237.11", "q": "0.12597", "s": "BTC-USDT", "t": "96952574"}, "dataType": "BTC-USDT@trade", "success": true, "_doc": "8df3d2e3-8b05-4adc-8eeb-8c392dbd6555"}, {"code": 0, "data": {"E": 1712140536515, "T": 1712140536475, "e": "trade", "m": false, "p": "66234.84", "q": "0.00133", "s": "BTC-USDT", "t": "96952564"}, "dataType": "BTC-USDT@trade", "success": true, "_doc": "4f04753d-984a-4843-aa7f-b163cda2343d"}, {"code": 0, "id": "eygSgEcr2Smb3bcuGo1M", "msg": "SUCCESS", "timestamp": 1712140536099, "_doc": "63896287-7404-44a0-bf4e-e8dccf6272ad"}, {"code": 0, "id": "6FGfQ1wtnEasacbxBNZ6", "msg": "SUCCESS", "timestamp": 1712140511139, "_doc": "faf96266-b9f9-4826-a446-68a7561d8602"}, {"code": 0, "data": {"E": 1712140468048, "T": 1712140468012, "e": "trade", "m": false, "p": "66206.75", "q": "0.06135", "s": "BTC-USDT", "t": "96952239"}, "dataType": "BTC-USDT@trade", "success": true, "_doc": "e0575c9f-85c7-4e2d-a723-c71a128ebb1b"}, {"ping": "b6ae7922c41544d989c16dc8029bb871", "time": "2024-04-03T18:34:27.903+0800", "_doc": "9b3774e4-a87e-42ac-8cc8-12ec61c74342"}, {"code": 0, "data": {"E": 1712140466838, "T": 1712140466802, "e": "trade", "m": false, "p": "66206.37", "q": "0.03461", "s": "BTC-USDT", "t": "96952237"}, "dataType": "BTC-USDT@trade", "success": true, "_doc": "96a9e454-896a-464b-abf5-d996a5e09871"}, {"code": 0, "data": {"E": 1712140466328, "T": 1712140466295, "e": "trade", "m": false, "p": "66205.24", "q": "0.00166", "s": "BTC-USDT", "t": "96952232"}, "dataType": "BTC-USDT@trade", "success": true, "_doc": "a13efc0f-3063-4c9a-a88d-67e2d24da5e3"}, {"code": 0, "data": {"E": 1712140464980, "T": 1712140464943, "e": "trade", "m": true, "p": "66208.21", "q": "0.00138", "s": "BTC-USDT", "t": "96952228"}, "dataType": "BTC-USDT@trade", "success": true, "_doc": "8fa6e3bd-e82c-43bd-9be8-06c53959a976"}, {"code": 0, "data": {"E": 1712140464293, "T": 1712140464259, "e": "trade", "m": true, "p": "66211.40", "q": "0.00750", "s": "BTC-USDT", "t": "96952221"}, "dataType": "BTC-USDT@trade", "success": true, "_doc": "6dc8a305-03c4-4377-9e9e-a948865d457e"}, {"code": 0, "data": {"E": 1712140463178, "T": 1712140463139, "e": "trade", "m": true, "p": "66213.79", "q": "0.00182", "s": "BTC-USDT", "t": "96952219"}, "dataType": "BTC-USDT@trade", "success": true, "_doc": "39a80942-2201-4c83-bfcf-f8f165d95b52"}, {"code": 0, "id": "4ZDhJXNkQjgw05q6ai1V", "msg": "SUCCESS", "timestamp": 1712140458948, "_doc": "8c51b8cd-7592-46e4-820d-5a2f4e8be72c"}, {"code": 0, "data": {"E": 1712140409758, "T": 1712140409722, "e": "trade", "m": true, "p": "66215.63", "q": "0.00177", "s": "BTC-USDT", "t": "96951990"}, "dataType": "BTC-USDT@trade", "success": true, "_doc": "05197bf7-e7f2-46ed-bf53-dc65e7ef5f74"}, {"code": 0, "data": {"E": 1712140409147, "T": 1712140409114, "e": "trade", "m": false, "p": "66215.21", "q": "0.00148", "s": "BTC-USDT", "t": "96951987"}, "dataType": "BTC-USDT@trade", "success": true, "_doc": "bd67c2a9-126f-4631-b0c9-e1e4df630ee4"}, {"code": 0, "data": {"E": 1712140408607, "T": 1712140408578, "e": "trade", "m": false, "p": "66220.84", "q": "0.00182", "s": "BTC-USDT", "t": "96951985"}, "dataType": "BTC-USDT@trade", "success": true, "_doc": "3514c733-ac15-414f-9470-f27688bddaea"}, {"code": 0, "data": {"E": 1712140407681, "T": 1712140407650, "e": "trade", "m": true, "p": "66222.03", "q": "0.00142", "s": "BTC-USDT", "t": "96951983"}, "dataType": "BTC-USDT@trade", "success": true, "_doc": "7f912275-3123-47cc-a50d-c24c0d5575a7"}, {"code": 0, "data": {"E": 1712140407011, "T": 1712140406969, "e": "trade", "m": false, "p": "66220.53", "q": "0.04319", "s": "BTC-USDT", "t": "96951978"}, "dataType": "BTC-USDT@trade", "success": true, "_doc": "f84d0288-fc23-467b-91b0-a55910e3caa8"}, {"code": 0, "data": {"E": 1712140406205, "T": 1712140406178, "e": "trade", "m": true, "p": "66221.55", "q": "0.00155", "s": "BTC-USDT", "t": "96951977"}, "dataType": "BTC-USDT@trade", "success": true, "_doc": "780f8681-e6d6-4f70-91b6-985e6d3c8c49"}, {"code": 0, "data": {"E": 1712140405461, "T": 1712140405435, "e": "trade", "m": false, "p": "66219.84", "q": "0.00148", "s": "BTC-USDT", "t": "96951969"}, "dataType": "BTC-USDT@trade", "success": true, "_doc": "558d5d3d-1b98-475d-9fc4-55276db689a8"}, {"code": 0, "data": {"E": 1712140404955, "T": 1712140404928, "e": "trade", "m": true, "p": "66219.99", "q": "0.01588", "s": "BTC-USDT", "t": "96951965"}, "dataType": "BTC-USDT@trade", "success": true, "_doc": "c8df1ecf-5db1-45c2-8f5b-2b2ea15864cf"}, {"code": 0, "id": "zPLRmV8ipEAtV0yD5QKg", "msg": "SUCCESS", "timestamp": 1712140404703, "_doc": "c70a27ab-0817-48bc-b785-3f4b56676e82"}, {"code": 0, "data": {"E": 1712140325954, "T": 1712140325929, "e": "trade", "m": false, "p": "66266.42", "q": "0.00253", "s": "BTC-USDT", "t": "96951653"}, "dataType": "BTC-USDT@trade", "success": true, "_doc": "192db400-4e60-4d61-bebb-68018cbc52b2"}, {"code": 0, "data": {"E": 1712140324948, "T": 1712140324925, "e": "trade", "m": true, "p": "66267.24", "q": "0.00172", "s": "BTC-USDT", "t": "96951651"}, "dataType": "BTC-USDT@trade", "success": true, "_doc": "c28f46a1-c06f-4749-9229-44ce809c8435"}, {"code": 0, "data": {"E": 1712140324099, "T": 1712140324064, "e": "trade", "m": true, "p": "66267.12", "q": "0.00154", "s": "BTC-USDT", "t": "96951649"}, "dataType": "BTC-USDT@trade", "success": true, "_doc": "0f252c0c-d23c-4417-a30a-5915861b80bd"}, {"code": 0, "data": {"E": 1712140323148, "T": 1712140323117, "e": "trade", "m": false, "p": "66266.06", "q": "0.00154", "s": "BTC-USDT", "t": "96951647"}, "dataType": "BTC-USDT@trade", "success": true, "_doc": "3c294a78-37bf-4493-b7da-36e3f27b4aae"}, {"code": 0, "data": {"E": 1712140317887, "T": 1712140317839, "e": "trade", "m": true, "p": "66276.30", "q": "0.00154", "s": "BTC-USDT", "t": "96951628"}, "dataType": "BTC-USDT@trade", "success": true, "_doc": "f49bcdc2-c9df-4caf-a26f-6eb03477766a"}, {"ping": "fc55d9fa2ddc4535b6ff06d8874fac1f", "time": "2024-04-03T18:31:57.714+0800", "_doc": "6a47fe02-8fd8-45c3-98c8-3d6dad74fce0"}, {"code": 0, "data": {"E": 1712140317211, "T": 1712140317189, "e": "trade", "m": true, "p": "66275.90", "q": "0.01365", "s": "BTC-USDT", "t": "96951624"}, "dataType": "BTC-USDT@trade", "success": true, "_doc": "f3b50c98-52ac-4f0d-8716-07f0bdb99041"}, {"code": 0, "data": {"E": 1712140316250, "T": 1712140316221, "e": "trade", "m": false, "p": "66275.26", "q": "0.00145", "s": "BTC-USDT", "t": "96951622"}, "dataType": "BTC-USDT@trade", "success": true, "_doc": "3d9705a2-cff0-4950-be70-66b7fce16a58"}, {"code": 0, "data": {"E": 1712140315531, "T": 1712140315506, "e": "trade", "m": true, "p": "66276.53", "q": "0.00155", "s": "BTC-USDT", "t": "96951618"}, "dataType": "BTC-USDT@trade", "success": true, "_doc": "e91279d7-24b6-429d-9099-ba30ff2464b7"}, {"code": 0, "data": {"E": 1712140314656, "T": 1712140314606, "e": "trade", "m": true, "p": "66276.66", "q": "0.00145", "s": "BTC-USDT", "t": "96951614"}, "dataType": "BTC-USDT@trade", "success": true, "_doc": "4677d497-6332-4559-8388-a73dbf607acc"}, {"code": 0, "data": {"E": 1712140313780, "T": 1712140313749, "e": "trade", "m": true, "p": "66275.02", "q": "0.03653", "s": "BTC-USDT", "t": "96951611"}, "dataType": "BTC-USDT@trade", "success": true, "_doc": "cde29baa-3936-4f2d-a4d7-11cf8ca841b3"}, {"code": 0, "data": {"E": 1712140313098, "T": 1712140313069, "e": "trade", "m": false, "p": "66273.91", "q": "0.00156", "s": "BTC-USDT", "t": "96951610"}, "dataType": "BTC-USDT@trade", "success": true, "_doc": "28a78627-ca8e-41d7-b81d-8eb092648e18"}, {"code": 0, "id": "P9Z3D5PGXbr5TIVzNw4H", "msg": "SUCCESS", "timestamp": 1712140310361, "_doc": "31be684c-85ef-41b8-89e9-32974bc31817"}, {"code": 0, "data": {"E": 1712140050757, "T": 1712140050723, "e": "trade", "m": false, "p": "66361.56", "q": "0.00157", "s": "BTC-USDT", "t": "96950676"}, "dataType": "BTC-USDT@trade", "success": true, "_doc": "c464af00-237f-4e74-9432-0921209e9005"}, {"code": 0, "data": {"E": 1712140049612, "T": 1712140049577, "e": "trade", "m": false, "p": "66361.51", "q": "0.00154", "s": "BTC-USDT", "t": "96950674"}, "dataType": "BTC-USDT@trade", "success": true, "_doc": "25c3f23f-2d03-439e-a45d-1c425f0b62e7"}, {"code": 0, "data": {"E": 1712140048853, "T": 1712140048810, "e": "trade", "m": true, "p": "66361.78", "q": "0.00162", "s": "BTC-USDT", "t": "96950672"}, "dataType": "BTC-USDT@trade", "success": true, "_doc": "6f156d76-e71e-41fc-85bf-f918ced93df2"}, {"code": 0, "data": {"E": 1712140047275, "T": 1712140047217, "e": "trade", "m": true, "p": "66363.51", "q": "0.00905", "s": "BTC-USDT", "t": "96950665"}, "dataType": "BTC-USDT@trade", "success": true, "_doc": "15e20fa4-ce0b-4113-a045-6689073c830d"}, {"code": 0, "data": {"E": 1712140046611, "T": 1712140046569, "e": "trade", "m": true, "p": "66363.77", "q": "0.00172", "s": "BTC-USDT", "t": "96950663"}, "dataType": "BTC-USDT@trade", "success": true, "_doc": "6947dae1-15e8-4c46-9312-adeebaea7a13"}, {"code": 0, "data": {"E": 1712140045796, "T": 1712140045754, "e": "trade", "m": false, "p": "66362.43", "q": "0.00157", "s": "BTC-USDT", "t": "96950661"}, "dataType": "BTC-USDT@trade", "success": true, "_doc": "25a938cb-895c-4f4b-aff7-c5dd35b7877a"}, {"code": 0, "data": {"E": 1712140045063, "T": 1712140045028, "e": "trade", "m": false, "p": "66362.52", "q": "0.00169", "s": "BTC-USDT", "t": "96950660"}, "dataType": "BTC-USDT@trade", "success": true, "_doc": "068578dd-db9a-4523-a33d-bc65a7bfaa62"}, {"code": 0, "id": "foAUedgXHMEpOl81elNS", "msg": "SUCCESS", "timestamp": 1712140042078, "_doc": "f2c3405f-0e06-4763-b4a6-cbfb5025a703"}, {"code": 0, "data": {"E": 1712139832505, "T": 1712139832481, "e": "trade", "m": false, "p": "66372.83", "q": "0.01421", "s": "BTC-USDT", "t": "96949805"}, "dataType": "BTC-USDT@trade", "success": true, "_doc": "4b656f3f-149c-45d2-a55d-43351976dcaa"}, {"code": 0, "data": {"E": 1712139831859, "T": 1712139831828, "e": "trade", "m": true, "p": "66372.25", "q": "0.02476", "s": "BTC-USDT", "t": "96949802"}, "dataType": "BTC-USDT@trade", "success": true, "_doc": "7c95fd35-9ed3-4871-baa6-836e650a4832"}, {"code": 0, "data": {"E": 1712139831027, "T": 1712139830995, "e": "trade", "m": false, "p": "66371.78", "q": "0.00166", "s": "BTC-USDT", "t": "96949796"}, "dataType": "BTC-USDT@trade", "success": true, "_doc": "91b372d5-496b-4b4e-8437-4f2321f86a71"}, {"code": 0, "data": {"E": 1712139830490, "T": 1712139830458, "e": "trade", "m": false, "p": "66371.81", "q": "0.00161", "s": "BTC-USDT", "t": "96949794"}, "dataType": "BTC-USDT@trade", "success": true, "_doc": "58555c0b-90db-4bed-9a92-dd36e9e8cda3"}, {"code": 0, "data": {"E": 1712139829606, "T": 1712139829578, "e": "trade", "m": true, "p": "66372.89", "q": "0.00164", "s": "BTC-USDT", "t": "96949788"}, "dataType": "BTC-USDT@trade", "success": true, "_doc": "b92cf934-01a4-4cc8-9e3b-3256e00b95e6"}, {"code": 0, "data": {"E": 1712139828751, "T": 1712139828712, "e": "trade", "m": false, "p": "66371.34", "q": "0.00214", "s": "BTC-USDT", "t": "96949786"}, "dataType": "BTC-USDT@trade", "success": true, "_doc": "4e05b101-a96c-4284-893e-9a3bf457db2a"}, {"code": 0, "data": {"E": 1712139828019, "T": 1712139827965, "e": "trade", "m": false, "p": "66371.88", "q": "0.00275", "s": "BTC-USDT", "t": "96949784"}, "dataType": "BTC-USDT@trade", "success": true, "_doc": "fefb9669-32fd-4f45-b502-1422d3171027"}, {"code": 0, "data": {"E": 1712139827311, "T": 1712139827269, "e": "trade", "m": false, "p": "66372.08", "q": "0.00186", "s": "BTC-USDT", "t": "96949780"}, "dataType": "BTC-USDT@trade", "success": true, "_doc": "f2c858d7-e336-4825-bddd-e1190c4d84ac"}, {"ping": "e9e705aa738940bb975580c0d3b3cd12", "time": "2024-04-03T18:23:47.197+0800", "_doc": "f5bae982-2b32-4c16-93c1-7306c5628369"}, {"code": 0, "data": {"E": 1712139822875, "T": 1712139822845, "e": "trade", "m": false, "p": "66371.19", "q": "0.00215", "s": "BTC-USDT", "t": "96949762"}, "dataType": "BTC-USDT@trade", "success": true, "_doc": "62900dd5-2e54-4da2-bb1c-58653c9b94fa"}, {"code": 0, "data": {"E": 1712139822117, "T": 1712139822089, "e": "trade", "m": true, "p": "66372.46", "q": "0.05798", "s": "BTC-USDT", "t": "96949759"}, "dataType": "BTC-USDT@trade", "success": true, "_doc": "0e7c9691-4511-4313-83ca-988fe7d35c1a"}, {"code": 0, "data": {"E": 1712139821594, "T": 1712139821561, "e": "trade", "m": true, "p": "66373.11", "q": "0.08668", "s": "BTC-USDT", "t": "96949755"}, "dataType": "BTC-USDT@trade", "success": true, "_doc": "9fb61138-3135-4fd4-891a-ec1ad862899d"}, {"code": 0, "data": {"E": 1712139820905, "T": 1712139820874, "e": "trade", "m": true, "p": "66374.06", "q": "0.00162", "s": "BTC-USDT", "t": "96949752"}, "dataType": "BTC-USDT@trade", "success": true, "_doc": "137a64b1-9284-48da-b1b8-6f5172e45c33"}, {"code": 0, "data": {"E": 1712139820170, "T": 1712139820135, "e": "trade", "m": true, "p": "66374.90", "q": "0.00186", "s": "BTC-USDT", "t": "96949749"}, "dataType": "BTC-USDT@trade", "success": true, "_doc": "0a3fdaf4-9326-4d53-a291-bf936d074b1f"}, {"code": 0, "data": {"E": 1712139819277, "T": 1712139819242, "e": "trade", "m": false, "p": "66380.52", "q": "0.09019", "s": "BTC-USDT", "t": "96949745"}, "dataType": "BTC-USDT@trade", "success": true, "_doc": "24bb35b9-15bf-4c92-90ab-f986e4eab515"}, {"code": 0, "data": {"E": 1712139818389, "T": 1712139818350, "e": "trade", "m": false, "p": "66379.48", "q": "0.00162", "s": "BTC-USDT", "t": "96949744"}, "dataType": "BTC-USDT@trade", "success": true, "_doc": "b29230ae-64e0-40c9-9322-473e78c7b580"}, {"code": 0, "data": {"E": 1712139817445, "T": 1712139817370, "e": "trade", "m": true, "p": "66383.25", "q": "0.00277", "s": "BTC-USDT", "t": "96949741"}, "dataType": "BTC-USDT@trade", "success": true, "_doc": "2289dd9d-9b5f-4ca2-9493-a15b9ce33810"}, {"code": 0, "data": {"E": 1712139812448, "T": 1712139812413, "e": "trade", "m": false, "p": "66381.98", "q": "0.13983", "s": "BTC-USDT", "t": "96949720"}, "dataType": "BTC-USDT@trade", "success": true, "_doc": "f3956b27-b061-4921-b620-7fcddd7dfc99"}, {"code": 0, "data": {"E": 1712139811950, "T": 1712139811911, "e": "trade", "m": true, "p": "66381.75", "q": "0.10532", "s": "BTC-USDT", "t": "96949715"}, "dataType": "BTC-USDT@trade", "success": true, "_doc": "12248091-78a9-4152-a235-2ab8e7946573"}, {"code": 0, "data": {"E": 1712139811445, "T": 1712139811401, "e": "trade", "m": true, "p": "66381.50", "q": "0.00162", "s": "BTC-USDT", "t": "96949713"}, "dataType": "BTC-USDT@trade", "success": true, "_doc": "e331bf65-c44a-4179-b833-5444dffd52e4"}, {"code": 0, "data": {"E": 1712139810831, "T": 1712139810786, "e": "trade", "m": false, "p": "66384.13", "q": "0.00216", "s": "BTC-USDT", "t": "96949711"}, "dataType": "BTC-USDT@trade", "success": true, "_doc": "3ceeb032-c175-4af8-9855-bd52a21014a0"}, {"code": 0, "data": {"E": 1712139809954, "T": 1712139809917, "e": "trade", "m": true, "p": "66389.29", "q": "0.02333", "s": "BTC-USDT", "t": "96949708"}, "dataType": "BTC-USDT@trade", "success": true, "_doc": "17d780f8-df07-47a6-86b8-4e26e43b576b"}, {"code": 0, "data": {"E": 1712139809279, "T": 1712139809241, "e": "trade", "m": false, "p": "66386.07", "q": "0.00168", "s": "BTC-USDT", "t": "96949703"}, "dataType": "BTC-USDT@trade", "success": true, "_doc": "42177dc2-bcee-4b15-8a29-749c36119183"}, {"code": 0, "data": {"E": 1712139808734, "T": 1712139808708, "e": "trade", "m": false, "p": "66375.73", "q": "0.00154", "s": "BTC-USDT", "t": "96949702"}, "dataType": "BTC-USDT@trade", "success": true, "_doc": "dcae0c66-1c91-458f-8304-75384ba369cd"}, {"code": 0, "data": {"E": 1712139807910, "T": 1712139807876, "e": "trade", "m": true, "p": "66373.03", "q": "0.00162", "s": "BTC-USDT", "t": "96949698"}, "dataType": "BTC-USDT@trade", "success": true, "_doc": "a4146491-2921-47bf-bde3-2835581970d6"}, {"code": 0, "data": {"E": 1712139806826, "T": 1712139806783, "e": "trade", "m": true, "p": "66372.50", "q": "0.00154", "s": "BTC-USDT", "t": "96949696"}, "dataType": "BTC-USDT@trade", "success": true, "_doc": "4fb93d2a-9ed7-4813-9538-b3ba9e215304"}, {"code": 0, "id": "u3buK23swj4ZOjQpuOX0", "msg": "SUCCESS", "timestamp": 1712139803641, "_doc": "f7baa6e4-b8c4-43ef-9a05-bc4efac4298a"}]