[{"jsonrpc": "2.0", "method": "subscription", "params": {"channel": "trades.future.BTC.agg2", "data": [{"trade_id": "188101402", "contracts": 3.0, "instrument_name": "BTC-PERPETUAL", "tick_direction": 2, "trade_seq": 111653049, "mark_price": 65712.07, "amount": 30.0, "index_price": 65725.45, "direction": "sell", "price": 65707.0, "timestamp": 1712099569190}]}, "_doc": "69617042-2988-4c68-83c9-6151f23e62a9"}, {"jsonrpc": "2.0", "method": "subscription", "params": {"channel": "trades.future.BTC.agg2", "data": [{"block_trade_leg_count": 2, "trade_id": "188101403", "contracts": 10000.0, "block_trade_id": "BLOCK-564108", "combo_id": "BTC-FS-27DEC24_26APR24", "instrument_name": "BTC-26APR24", "tick_direction": 0, "trade_seq": 55901, "mark_price": 66488.16, "amount": 100000.0, "index_price": 65725.45, "direction": "buy", "price": 66483.0, "timestamp": 1712099569316}]}, "_doc": "519499e1-f583-4a9f-82ee-28693d69bbf1"}, {"jsonrpc": "2.0", "method": "subscription", "params": {"channel": "trades.future.BTC.agg2", "data": [{"block_trade_leg_count": 2, "trade_id": "188101404", "contracts": 10000.0, "block_trade_id": "BLOCK-564108", "combo_id": "BTC-FS-27DEC24_26APR24", "instrument_name": "BTC-27DEC24", "tick_direction": 0, "trade_seq": 75538, "mark_price": 73523.38, "amount": 100000.0, "index_price": 65725.45, "direction": "sell", "price": 73528.5, "timestamp": 1712099569316}]}, "_doc": "b8576b47-0e32-494e-b64f-f38fa20e08cd"}, {"jsonrpc": "2.0", "method": "subscription", "params": {"channel": "trades.future.BTC.agg2", "data": [{"trade_id": "188101399", "contracts": 2.0, "instrument_name": "BTC-PERPETUAL", "tick_direction": 0, "trade_seq": 111653048, "mark_price": 65712.32, "amount": 20.0, "index_price": 65725.45, "direction": "buy", "price": 65710.0, "timestamp": 1712099568902}]}, "_doc": "1b28fd9d-d7bc-48d6-b80c-fda2cd541722"}, {"jsonrpc": "2.0", "method": "subscription", "params": {"channel": "trades.future.BTC.agg2", "data": [{"trade_id": "188101395", "contracts": 2.0, "instrument_name": "BTC-PERPETUAL", "tick_direction": 3, "trade_seq": 111653047, "mark_price": 65712.61, "amount": 20.0, "index_price": 65725.74, "direction": "sell", "price": 65707.0, "timestamp": 1712099568000}]}, "_doc": "534c888b-f222-4c4b-882c-4da9b8beed11"}, {"jsonrpc": "2.0", "method": "subscription", "params": {"channel": "trades.future.BTC.agg2", "data": [{"trade_id": "188101390", "contracts": 2.0, "instrument_name": "BTC-PERPETUAL", "tick_direction": 3, "trade_seq": 111653046, "mark_price": 65712.75, "amount": 20.0, "index_price": 65725.59, "direction": "sell", "price": 65707.0, "timestamp": 1712099565782}]}, "_doc": "05bc3525-5a6a-4b2d-b8aa-1371103d34e1"}, {"jsonrpc": "2.0", "method": "subscription", "params": {"channel": "trades.future.BTC.agg2", "data": [{"block_trade_leg_count": 2, "trade_id": "188101384", "contracts": 10000.0, "block_trade_id": "BLOCK-564107", "combo_id": "BTC-FS-27DEC24_26APR24", "instrument_name": "BTC-26APR24", "tick_direction": 0, "trade_seq": 55900, "mark_price": 66485.04, "amount": 100000.0, "index_price": 65725.2, "direction": "sell", "price": 66482.0, "timestamp": 1712099565081}]}, "_doc": "7ad5b109-b979-4c00-893b-0e3e68570a9b"}, {"jsonrpc": "2.0", "method": "subscription", "params": {"channel": "trades.future.BTC.agg2", "data": [{"block_trade_leg_count": 2, "trade_id": "188101385", "contracts": 10000.0, "block_trade_id": "BLOCK-564107", "combo_id": "BTC-FS-27DEC24_26APR24", "instrument_name": "BTC-27DEC24", "tick_direction": 0, "trade_seq": 75537, "mark_price": 73523.98, "amount": 100000.0, "index_price": 65725.2, "direction": "buy", "price": 73527.5, "timestamp": 1712099565081}]}, "_doc": "06025e99-4004-43a5-94f2-f0a7c52a2adb"}, {"jsonrpc": "2.0", "method": "subscription", "params": {"channel": "trades.future.BTC.agg2", "data": [{"trade_id": "188101380", "contracts": 34.0, "instrument_name": "BTC-PERPETUAL", "tick_direction": 2, "trade_seq": 111653044, "mark_price": 65712.66, "amount": 340.0, "index_price": 65725.2, "direction": "sell", "price": 65707.0, "timestamp": 1712099564211}, {"trade_id": "188101381", "contracts": 21.0, "instrument_name": "BTC-PERPETUAL", "tick_direction": 3, "trade_seq": 111653045, "mark_price": 65712.66, "amount": 210.0, "index_price": 65725.2, "direction": "sell", "price": 65707.0, "timestamp": 1712099564678}]}, "_doc": "62625dd2-4649-4a7a-ba14-e5bd10f8cb7e"}, {"jsonrpc": "2.0", "method": "subscription", "params": {"channel": "trades.future.BTC.agg2", "data": [{"trade_id": "188101371", "contracts": 16.0, "instrument_name": "BTC-PERPETUAL", "tick_direction": 2, "trade_seq": 111653040, "mark_price": 65712.93, "amount": 160.0, "index_price": 65725.18, "direction": "sell", "price": 65708.5, "timestamp": 1712099563167}, {"trade_id": "188101374", "contracts": 16.0, "instrument_name": "BTC-PERPETUAL", "tick_direction": 0, "trade_seq": 111653041, "mark_price": 65712.95, "amount": 160.0, "index_price": 65725.2, "direction": "buy", "price": 65710.0, "timestamp": 1712099563632}, {"trade_id": "188101375", "contracts": 19.0, "instrument_name": "BTC-PERPETUAL", "tick_direction": 1, "trade_seq": 111653042, "mark_price": 65712.95, "amount": 190.0, "index_price": 65725.2, "direction": "buy", "price": 65710.0, "timestamp": 1712099563635}, {"trade_id": "188101376", "contracts": 12.0, "instrument_name": "BTC-PERPETUAL", "tick_direction": 1, "trade_seq": 111653043, "mark_price": 65712.95, "amount": 120.0, "index_price": 65725.2, "direction": "buy", "price": 65710.0, "timestamp": 1712099563689}]}, "_doc": "7b973201-970a-4649-946f-4950c1936136"}, {"jsonrpc": "2.0", "method": "subscription", "params": {"channel": "trades.future.BTC.agg2", "data": [{"trade_id": "188101357", "contracts": 8.0, "instrument_name": "BTC-PERPETUAL", "tick_direction": 3, "trade_seq": 111653031, "mark_price": 65713.05, "amount": 80.0, "index_price": 65725.3, "direction": "sell", "price": 65708.5, "timestamp": 1712099562175}, {"trade_id": "188101360", "contracts": 4.0, "instrument_name": "BTC-PERPETUAL", "tick_direction": 3, "trade_seq": 111653032, "mark_price": 65713.05, "amount": 40.0, "index_price": 65725.3, "direction": "sell", "price": 65708.5, "timestamp": 1712099562264}, {"trade_id": "188101361", "contracts": 1.0, "instrument_name": "BTC-PERPETUAL", "tick_direction": 3, "trade_seq": 111653033, "mark_price": 65712.93, "amount": 10.0, "index_price": 65725.18, "direction": "sell", "price": 65708.5, "timestamp": 1712099562453}, {"trade_id": "188101363", "contracts": 5.0, "instrument_name": "BTC-PERPETUAL", "tick_direction": 0, "trade_seq": 111653034, "mark_price": 65712.93, "amount": 50.0, "index_price": 65725.18, "direction": "buy", "price": 65709.0, "timestamp": 1712099562494}, {"trade_id": "188101364", "contracts": 3.0, "instrument_name": "BTC-PERPETUAL", "tick_direction": 1, "trade_seq": 111653035, "mark_price": 65712.93, "amount": 30.0, "index_price": 65725.18, "direction": "buy", "price": 65709.0, "timestamp": 1712099562494}, {"trade_id": "188101365", "contracts": 3.0, "instrument_name": "BTC-PERPETUAL", "tick_direction": 0, "trade_seq": 111653036, "mark_price": 65712.93, "amount": 30.0, "index_price": 65725.18, "direction": "buy", "price": 65710.0, "timestamp": 1712099562539}, {"trade_id": "188101366", "contracts": 9.0, "instrument_name": "BTC-PERPETUAL", "tick_direction": 1, "trade_seq": 111653037, "mark_price": 65712.93, "amount": 90.0, "index_price": 65725.18, "direction": "buy", "price": 65710.0, "timestamp": 1712099562623}, {"trade_id": "188101367", "contracts": 3.0, "instrument_name": "BTC-PERPETUAL", "tick_direction": 2, "trade_seq": 111653038, "mark_price": 65712.93, "amount": 30.0, "index_price": 65725.18, "direction": "sell", "price": 65708.5, "timestamp": 1712099562772}, {"trade_id": "188101369", "contracts": 19.0, "instrument_name": "BTC-PERPETUAL", "tick_direction": 0, "trade_seq": 111653039, "mark_price": 65712.93, "amount": 190.0, "index_price": 65725.18, "direction": "buy", "price": 65710.0, "timestamp": 1712099562972}]}, "_doc": "1b75c5a0-d170-4fd8-b783-576adaf98ad1"}, {"jsonrpc": "2.0", "method": "subscription", "params": {"channel": "trades.future.BTC.agg2", "data": [{"trade_id": "188101349", "contracts": 4.0, "instrument_name": "BTC-PERPETUAL", "tick_direction": 1, "trade_seq": 111653027, "mark_price": 65713.35, "amount": 40.0, "index_price": 65725.3, "direction": "buy", "price": 65710.0, "timestamp": 1712099561192}, {"trade_id": "188101352", "contracts": 657.0, "instrument_name": "BTC-PERPETUAL", "tick_direction": 1, "trade_seq": 111653028, "mark_price": 65713.35, "amount": 6570.0, "index_price": 65725.3, "direction": "buy", "price": 65710.0, "timestamp": 1712099561375}, {"trade_id": "188101354", "contracts": 5.0, "instrument_name": "BTC-PERPETUAL", "tick_direction": 2, "trade_seq": 111653029, "mark_price": 65713.15, "amount": 50.0, "index_price": 65725.1, "direction": "sell", "price": 65709.5, "timestamp": 1712099561472}, {"trade_id": "188101356", "contracts": 10.0, "instrument_name": "BTC-PERPETUAL", "tick_direction": 2, "trade_seq": 111653030, "mark_price": 65713.05, "amount": 100.0, "index_price": 65725.3, "direction": "sell", "price": 65708.5, "timestamp": 1712099562127}]}, "_doc": "15da7cbf-7d10-4cd2-a8e1-8163ed9afcd6"}, {"jsonrpc": "2.0", "method": "subscription", "params": {"channel": "trades.future.BTC.agg2", "data": [{"trade_id": "188101339", "contracts": 6.0, "instrument_name": "BTC-PERPETUAL", "tick_direction": 2, "trade_seq": 111653024, "mark_price": 65713.68, "amount": 60.0, "index_price": 65725.3, "direction": "sell", "price": 65708.5, "timestamp": 1712099560257}, {"trade_id": "188101341", "contracts": 9.0, "instrument_name": "BTC-PERPETUAL", "tick_direction": 0, "trade_seq": 111653025, "mark_price": 65713.68, "amount": 90.0, "index_price": 65725.3, "direction": "buy", "price": 65710.0, "timestamp": 1712099560499}, {"trade_id": "188101347", "contracts": 8.0, "instrument_name": "BTC-PERPETUAL", "tick_direction": 1, "trade_seq": 111653026, "mark_price": 65713.35, "amount": 80.0, "index_price": 65725.3, "direction": "buy", "price": 65710.0, "timestamp": 1712099560927}]}, "_doc": "88882f7f-e9a5-4ee1-8a98-a68c8dcca6bc"}, {"jsonrpc": "2.0", "method": "subscription", "params": {"channel": "trades.future.BTC.agg2", "data": [{"block_trade_leg_count": 2, "trade_id": "188101345", "contracts": 10000.0, "block_trade_id": "BLOCK-564105", "combo_id": "BTC-FS-27DEC24_26APR24", "instrument_name": "BTC-26APR24", "tick_direction": 2, "trade_seq": 55899, "mark_price": 66479.95, "amount": 100000.0, "index_price": 65725.3, "direction": "sell", "price": 66480.0, "timestamp": 1712099560855}]}, "_doc": "fdd96585-c06f-4198-a195-b711d0286c11"}, {"jsonrpc": "2.0", "method": "subscription", "params": {"channel": "trades.future.BTC.agg2", "data": [{"block_trade_leg_count": 2, "trade_id": "188101346", "contracts": 10000.0, "block_trade_id": "BLOCK-564105", "combo_id": "BTC-FS-27DEC24_26APR24", "instrument_name": "BTC-27DEC24", "tick_direction": 2, "trade_seq": 75536, "mark_price": 73525.48, "amount": 100000.0, "index_price": 65725.29, "direction": "buy", "price": 73525.5, "timestamp": 1712099560855}]}, "_doc": "6476bedc-b031-4d40-891b-8c8382365377"}, {"jsonrpc": "2.0", "method": "subscription", "params": {"channel": "trades.future.BTC.agg2", "data": [{"trade_id": "188101332", "contracts": 4.0, "instrument_name": "BTC-PERPETUAL", "tick_direction": 2, "trade_seq": 111653021, "mark_price": 65713.68, "amount": 40.0, "index_price": 65725.3, "direction": "sell", "price": 65709.5, "timestamp": 1712099559698}, {"trade_id": "188101333", "contracts": 11.0, "instrument_name": "BTC-PERPETUAL", "tick_direction": 2, "trade_seq": 111653022, "mark_price": 65713.68, "amount": 110.0, "index_price": 65725.3, "direction": "sell", "price": 65708.5, "timestamp": 1712099559698}, {"trade_id": "188101335", "contracts": 4.0, "instrument_name": "BTC-PERPETUAL", "tick_direction": 0, "trade_seq": 111653023, "mark_price": 65713.68, "amount": 40.0, "index_price": 65725.3, "direction": "buy", "price": 65710.0, "timestamp": 1712099560050}]}, "_doc": "fc25b578-7bca-4acb-b167-287ba191a73d"}, {"jsonrpc": "2.0", "method": "subscription", "params": {"channel": "trades.future.BTC.agg2", "data": [{"trade_id": "188101330", "contracts": 17.0, "instrument_name": "BTC-PERPETUAL", "tick_direction": 0, "trade_seq": 111653020, "mark_price": 65713.67, "amount": 170.0, "index_price": 65725.29, "direction": "buy", "price": 65710.0, "timestamp": 1712099558912}]}, "_doc": "16fbb365-71f4-49d7-9ee6-f8ad91c2fedb"}, {"jsonrpc": "2.0", "method": "subscription", "params": {"channel": "trades.future.BTC.agg2", "data": [{"trade_id": "188101327", "contracts": 1.0, "instrument_name": "BTC-PERPETUAL", "tick_direction": 2, "trade_seq": 111653019, "mark_price": 65713.97, "amount": 10.0, "index_price": 65725.24, "direction": "sell", "price": 65708.5, "timestamp": 1712099557199}]}, "_doc": "58ba585a-5dcc-49bf-bc07-fe8fea75e148"}, {"jsonrpc": "2.0", "method": "subscription", "params": {"channel": "trades.future.BTC.agg2", "data": [{"trade_id": "188101321", "contracts": 4.0, "instrument_name": "BTC-PERPETUAL", "tick_direction": 2, "trade_seq": 111653016, "mark_price": 65714.34, "amount": 40.0, "index_price": 65725.24, "direction": "buy", "price": 65709.0, "timestamp": 1712099556635}, {"trade_id": "188101322", "contracts": 3.0, "instrument_name": "BTC-PERPETUAL", "tick_direction": 2, "trade_seq": 111653017, "mark_price": 65714.34, "amount": 30.0, "index_price": 65725.24, "direction": "sell", "price": 65708.5, "timestamp": 1712099556799}, {"block_trade_leg_count": 2, "trade_id": "188101325", "contracts": 10000.0, "block_trade_id": "BLOCK-564104", "combo_id": "BTC-FS-31MAY24_PERP", "instrument_name": "BTC-PERPETUAL", "tick_direction": 0, "trade_seq": 111653018, "mark_price": 65713.97, "amount": 100000.0, "index_price": 65725.24, "direction": "sell", "price": 65714.5, "timestamp": 1712099556896}]}, "_doc": "510ad277-4e55-4984-a1da-e693f38cd6ee"}, {"jsonrpc": "2.0", "method": "subscription", "params": {"channel": "trades.future.BTC.agg2", "data": [{"block_trade_leg_count": 2, "trade_id": "188101324", "contracts": 10000.0, "block_trade_id": "BLOCK-564104", "combo_id": "BTC-FS-31MAY24_PERP", "instrument_name": "BTC-31MAY24", "tick_direction": 2, "trade_seq": 1217, "mark_price": 67748.48, "amount": 100000.0, "index_price": 65725.24, "direction": "buy", "price": 67748.0, "timestamp": 1712099556896}]}, "_doc": "4f5c7335-55f9-42d2-862c-1c59a5da25d3"}, {"jsonrpc": "2.0", "method": "subscription", "params": {"channel": "trades.future.BTC.agg2", "data": [{"trade_id": "188101314", "contracts": 9.0, "instrument_name": "BTC-PERPETUAL", "tick_direction": 0, "trade_seq": 111653012, "mark_price": 65714.12, "amount": 90.0, "index_price": 65725.02, "direction": "buy", "price": 65709.0, "timestamp": 1712099555598}, {"trade_id": "188101315", "contracts": 2.0, "instrument_name": "BTC-PERPETUAL", "tick_direction": 0, "trade_seq": 111653013, "mark_price": 65714.12, "amount": 20.0, "index_price": 65725.02, "direction": "buy", "price": 65710.0, "timestamp": 1712099555598}, {"trade_id": "188101317", "contracts": 3.0, "instrument_name": "BTC-PERPETUAL", "tick_direction": 1, "trade_seq": 111653014, "mark_price": 65714.12, "amount": 30.0, "index_price": 65725.02, "direction": "buy", "price": 65710.0, "timestamp": 1712099555674}, {"trade_id": "188101319", "contracts": 3.0, "instrument_name": "BTC-PERPETUAL", "tick_direction": 1, "trade_seq": 111653015, "mark_price": 65714.12, "amount": 30.0, "index_price": 65725.02, "direction": "buy", "price": 65710.0, "timestamp": 1712099555991}]}, "_doc": "8fcb974a-5cb5-453c-ba32-49d737119fd1"}, {"jsonrpc": "2.0", "method": "subscription", "params": {"channel": "trades.future.BTC.agg2", "data": [{"trade_id": "188101306", "contracts": 17.0, "instrument_name": "BTC-PERPETUAL", "tick_direction": 2, "trade_seq": 111653011, "mark_price": 65714.5, "amount": 170.0, "index_price": 65725.02, "direction": "sell", "price": 65708.5, "timestamp": 1712099554764}]}, "_doc": "886a0793-164a-4ea7-a2d7-535cb6a7a56d"}, {"jsonrpc": "2.0", "method": "subscription", "params": {"channel": "trades.future.BTC.agg2", "data": [{"trade_id": "188101299", "contracts": 2.0, "instrument_name": "BTC-PERPETUAL", "tick_direction": 2, "trade_seq": 111653008, "mark_price": 65714.88, "amount": 20.0, "index_price": 65724.99, "direction": "buy", "price": 65710.0, "timestamp": 1712099553239}, {"trade_id": "188101300", "contracts": 2.0, "instrument_name": "BTC-PERPETUAL", "tick_direction": 2, "trade_seq": 111653009, "mark_price": 65714.5, "amount": 20.0, "index_price": 65725.02, "direction": "sell", "price": 65708.5, "timestamp": 1712099553446}, {"trade_id": "188101305", "contracts": 1.0, "instrument_name": "BTC-PERPETUAL", "tick_direction": 0, "trade_seq": 111653010, "mark_price": 65714.5, "amount": 10.0, "index_price": 65725.02, "direction": "buy", "price": 65710.0, "timestamp": 1712099553929}]}, "_doc": "3e0da742-4558-49b8-8691-c5c28451d046"}, {"jsonrpc": "2.0", "method": "subscription", "params": {"channel": "trades.future.BTC.agg2", "data": [{"trade_id": "188101293", "contracts": 6.0, "instrument_name": "BTC-PERPETUAL", "tick_direction": 0, "trade_seq": 111653004, "mark_price": 65715.0, "amount": 60.0, "index_price": 65725.11, "direction": "buy", "price": 65710.0, "timestamp": 1712099552157}, {"trade_id": "188101294", "contracts": 2.0, "instrument_name": "BTC-PERPETUAL", "tick_direction": 2, "trade_seq": 111653005, "mark_price": 65714.88, "amount": 20.0, "index_price": 65724.99, "direction": "sell", "price": 65709.5, "timestamp": 1712099552383}, {"trade_id": "188101295", "contracts": 2.0, "instrument_name": "BTC-PERPETUAL", "tick_direction": 0, "trade_seq": 111653006, "mark_price": 65714.88, "amount": 20.0, "index_price": 65724.99, "direction": "buy", "price": 65710.0, "timestamp": 1712099552633}, {"block_trade_leg_count": 2, "trade_id": "188101297", "contracts": 10000.0, "block_trade_id": "BLOCK-564103", "combo_id": "BTC-FS-31MAY24_PERP", "instrument_name": "BTC-PERPETUAL", "tick_direction": 0, "trade_seq": 111653007, "mark_price": 65714.88, "amount": 100000.0, "index_price": 65724.99, "direction": "buy", "price": 65715.5, "timestamp": 1712099552648}]}, "_doc": "8e561482-0c7e-4f96-9d9c-b3c518c06ccb"}, {"jsonrpc": "2.0", "method": "subscription", "params": {"channel": "trades.future.BTC.agg2", "data": [{"block_trade_leg_count": 2, "trade_id": "188101296", "contracts": 10000.0, "block_trade_id": "BLOCK-564103", "combo_id": "BTC-FS-31MAY24_PERP", "instrument_name": "BTC-31MAY24", "tick_direction": 2, "trade_seq": 1216, "mark_price": 67748.63, "amount": 100000.0, "index_price": 65724.99, "direction": "sell", "price": 67749.0, "timestamp": 1712099552648}]}, "_doc": "f9980c61-5232-4efd-be5e-3cc418439dad"}, {"jsonrpc": "2.0", "method": "subscription", "params": {"channel": "trades.future.BTC.agg2", "data": [{"trade_id": "188101291", "contracts": 9.0, "instrument_name": "BTC-PERPETUAL", "tick_direction": 2, "trade_seq": 111653002, "mark_price": 65715.0, "amount": 90.0, "index_price": 65725.11, "direction": "sell", "price": 65709.5, "timestamp": 1712099552082}, {"trade_id": "188101292", "contracts": 3.0, "instrument_name": "BTC-PERPETUAL", "tick_direction": 3, "trade_seq": 111653003, "mark_price": 65715.0, "amount": 30.0, "index_price": 65725.11, "direction": "sell", "price": 65709.5, "timestamp": 1712099552092}]}, "_doc": "7f6eb474-191e-4aa7-b48a-42ec1bd04857"}, {"jsonrpc": "2.0", "id": 5927560107, "result": ["trades.future.BTC.agg2"], "usIn": 1712099551519214, "usOut": 1712099551519448, "usDiff": 234, "testnet": true, "_doc": "6fa7073e-110b-4af5-ab9e-728d33a502b0"}, {"jsonrpc": "2.0", "method": "subscription", "params": {"channel": "trades.future.BTC.agg2", "data": [{"trade_id": "188092676", "contracts": 167.0, "instrument_name": "BTC-27SEP24", "tick_direction": 3, "trade_seq": 199481, "mark_price": 71666.58, "amount": 1670.0, "index_price": 65796.51, "direction": "sell", "price": 71692.5, "timestamp": 1712098694282}]}, "_doc": "60993451-7bc1-4965-9cf5-fce74c95aec3"}, {"jsonrpc": "2.0", "method": "subscription", "params": {"channel": "trades.future.BTC.agg2", "data": [{"trade_id": "188092672", "contracts": 4.0, "instrument_name": "BTC-PERPETUAL", "tick_direction": 2, "trade_seq": 111648914, "mark_price": 65807.2, "amount": 40.0, "index_price": 65796.51, "direction": "sell", "price": 65817.0, "timestamp": 1712098693847}, {"trade_id": "188092673", "contracts": 2.0, "instrument_name": "BTC-PERPETUAL", "tick_direction": 3, "trade_seq": 111648915, "mark_price": 65807.2, "amount": 20.0, "index_price": 65796.51, "direction": "sell", "price": 65817.0, "timestamp": 1712098693900}, {"trade_id": "188092675", "contracts": 2.0, "instrument_name": "BTC-PERPETUAL", "tick_direction": 0, "trade_seq": 111648916, "mark_price": 65807.2, "amount": 20.0, "index_price": 65796.51, "direction": "sell", "price": 65825.0, "timestamp": 1712098694272}, {"trade_id": "188092677", "contracts": 3.0, "instrument_name": "BTC-PERPETUAL", "tick_direction": 1, "trade_seq": 111648917, "mark_price": 65807.2, "amount": 30.0, "index_price": 65796.51, "direction": "sell", "price": 65825.0, "timestamp": 1712098694290}, {"trade_id": "188092678", "contracts": 1.0, "instrument_name": "BTC-PERPETUAL", "tick_direction": 2, "trade_seq": 111648918, "mark_price": 65807.2, "amount": 10.0, "index_price": 65796.51, "direction": "sell", "price": 65817.0, "timestamp": 1712098694290}, {"trade_id": "188092680", "contracts": 2.0, "instrument_name": "BTC-PERPETUAL", "tick_direction": 0, "trade_seq": 111648919, "mark_price": 65807.2, "amount": 20.0, "index_price": 65796.51, "direction": "buy", "price": 65827.0, "timestamp": 1712098694330}, {"trade_id": "188092681", "contracts": 3.0, "instrument_name": "BTC-PERPETUAL", "tick_direction": 1, "trade_seq": 111648920, "mark_price": 65803.84, "amount": 30.0, "index_price": 65793.15, "direction": "buy", "price": 65827.0, "timestamp": 1712098694422}, {"trade_id": "188092683", "contracts": 15.0, "instrument_name": "BTC-PERPETUAL", "tick_direction": 1, "trade_seq": 111648921, "mark_price": 65803.84, "amount": 150.0, "index_price": 65793.15, "direction": "buy", "price": 65827.0, "timestamp": 1712098694572}]}, "_doc": "b3d5e26c-e563-4c40-a880-4f7dc51a9235"}, {"jsonrpc": "2.0", "method": "subscription", "params": {"channel": "trades.future.BTC.agg2", "data": [{"trade_id": "188092658", "contracts": 51.0, "instrument_name": "BTC-27SEP24", "tick_direction": 3, "trade_seq": 199480, "mark_price": 71673.81, "amount": 510.0, "index_price": 65803.74, "direction": "sell", "price": 71692.5, "timestamp": 1712098693009}]}, "_doc": "dc1fe65c-8071-453d-a689-dee3a7a159ae"}, {"jsonrpc": "2.0", "method": "subscription", "params": {"channel": "trades.future.BTC.agg2", "data": [{"trade_id": "188092652", "contracts": 1.0, "instrument_name": "BTC-PERPETUAL", "tick_direction": 0, "trade_seq": 111648901, "mark_price": 65813.95, "amount": 10.0, "index_price": 65803.74, "direction": "buy", "price": 65825.5, "timestamp": 1712098692653}, {"trade_id": "188092653", "contracts": 1.0, "instrument_name": "BTC-PERPETUAL", "tick_direction": 2, "trade_seq": 111648902, "mark_price": 65813.95, "amount": 10.0, "index_price": 65803.74, "direction": "sell", "price": 65817.0, "timestamp": 1712098692694}, {"trade_id": "188092654", "contracts": 2.0, "instrument_name": "BTC-PERPETUAL", "tick_direction": 0, "trade_seq": 111648903, "mark_price": 65813.95, "amount": 20.0, "index_price": 65803.74, "direction": "buy", "price": 65825.5, "timestamp": 1712098692699}, {"trade_id": "188092655", "contracts": 17.0, "instrument_name": "BTC-PERPETUAL", "tick_direction": 2, "trade_seq": 111648904, "mark_price": 65814.43, "amount": 170.0, "index_price": 65803.74, "direction": "sell", "price": 65817.0, "timestamp": 1712098692723}, {"trade_id": "188092657", "contracts": 17.0, "instrument_name": "BTC-PERPETUAL", "tick_direction": 3, "trade_seq": 111648905, "mark_price": 65814.43, "amount": 170.0, "index_price": 65803.74, "direction": "sell", "price": 65817.0, "timestamp": 1712098692787}, {"trade_id": "188092659", "contracts": 27.0, "instrument_name": "BTC-PERPETUAL", "tick_direction": 0, "trade_seq": 111648906, "mark_price": 65814.43, "amount": 270.0, "index_price": 65803.74, "direction": "buy", "price": 65825.5, "timestamp": 1712098693010}, {"trade_id": "188092660", "contracts": 17.0, "instrument_name": "BTC-PERPETUAL", "tick_direction": 2, "trade_seq": 111648907, "mark_price": 65814.43, "amount": 170.0, "index_price": 65803.74, "direction": "sell", "price": 65817.0, "timestamp": 1712098693168}, {"trade_id": "188092662", "contracts": 1.0, "instrument_name": "BTC-PERPETUAL", "tick_direction": 3, "trade_seq": 111648908, "mark_price": 65814.43, "amount": 10.0, "index_price": 65803.74, "direction": "sell", "price": 65817.0, "timestamp": 1712098693171}, {"trade_id": "188092663", "contracts": 8.0, "instrument_name": "BTC-PERPETUAL", "tick_direction": 0, "trade_seq": 111648909, "mark_price": 65814.43, "amount": 80.0, "index_price": 65803.74, "direction": "buy", "price": 65825.5, "timestamp": 1712098693244}, {"trade_id": "188092664", "contracts": 2.0, "instrument_name": "BTC-PERPETUAL", "tick_direction": 1, "trade_seq": 111648910, "mark_price": 65807.2, "amount": 20.0, "index_price": 65796.51, "direction": "buy", "price": 65825.5, "timestamp": 1712098693502}, {"trade_id": "188092665", "contracts": 8.0, "instrument_name": "BTC-PERPETUAL", "tick_direction": 2, "trade_seq": 111648911, "mark_price": 65807.2, "amount": 80.0, "index_price": 65796.51, "direction": "sell", "price": 65817.0, "timestamp": 1712098693522}, {"trade_id": "188092666", "contracts": 2.0, "instrument_name": "BTC-PERPETUAL", "tick_direction": 0, "trade_seq": 111648912, "mark_price": 65807.2, "amount": 20.0, "index_price": 65796.51, "direction": "buy", "price": 65825.5, "timestamp": 1712098693533}, {"trade_id": "188092667", "contracts": 3.0, "instrument_name": "BTC-PERPETUAL", "tick_direction": 1, "trade_seq": 111648913, "mark_price": 65807.2, "amount": 30.0, "index_price": 65796.51, "direction": "buy", "price": 65825.5, "timestamp": 1712098693635}]}, "_doc": "5534c9f2-e034-4481-98bb-003ea4109f15"}, {"jsonrpc": "2.0", "method": "subscription", "params": {"channel": "trades.future.BTC.agg2", "data": [{"trade_id": "188092637", "contracts": 8.0, "instrument_name": "BTC-PERPETUAL", "tick_direction": 0, "trade_seq": 111648888, "mark_price": 65816.9, "amount": 80.0, "index_price": 65806.69, "direction": "buy", "price": 65825.5, "timestamp": 1712098691697}, {"trade_id": "188092640", "contracts": 2.0, "instrument_name": "BTC-PERPETUAL", "tick_direction": 1, "trade_seq": 111648889, "mark_price": 65816.9, "amount": 20.0, "index_price": 65806.69, "direction": "buy", "price": 65825.5, "timestamp": 1712098691873}, {"trade_id": "188092641", "contracts": 10.0, "instrument_name": "BTC-PERPETUAL", "tick_direction": 1, "trade_seq": 111648890, "mark_price": 65816.9, "amount": 100.0, "index_price": 65806.69, "direction": "buy", "price": 65825.5, "timestamp": 1712098691910}, {"trade_id": "188092642", "contracts": 5.0, "instrument_name": "BTC-PERPETUAL", "tick_direction": 1, "trade_seq": 111648891, "mark_price": 65816.9, "amount": 50.0, "index_price": 65806.69, "direction": "buy", "price": 65825.5, "timestamp": 1712098691994}, {"trade_id": "188092643", "contracts": 4.0, "instrument_name": "BTC-PERPETUAL", "tick_direction": 1, "trade_seq": 111648892, "mark_price": 65816.9, "amount": 40.0, "index_price": 65806.69, "direction": "buy", "price": 65825.5, "timestamp": 1712098692075}, {"trade_id": "188092644", "contracts": 4.0, "instrument_name": "BTC-PERPETUAL", "tick_direction": 2, "trade_seq": 111648893, "mark_price": 65816.9, "amount": 40.0, "index_price": 65806.69, "direction": "sell", "price": 65817.0, "timestamp": 1712098692126}, {"trade_id": "188092645", "contracts": 3.0, "instrument_name": "BTC-PERPETUAL", "tick_direction": 3, "trade_seq": 111648894, "mark_price": 65816.9, "amount": 30.0, "index_price": 65806.69, "direction": "sell", "price": 65817.0, "timestamp": 1712098692154}, {"trade_id": "188092646", "contracts": 12.0, "instrument_name": "BTC-PERPETUAL", "tick_direction": 0, "trade_seq": 111648895, "mark_price": 65816.9, "amount": 120.0, "index_price": 65806.69, "direction": "buy", "price": 65825.5, "timestamp": 1712098692198}, {"trade_id": "188092647", "contracts": 5.0, "instrument_name": "BTC-PERPETUAL", "tick_direction": 2, "trade_seq": 111648896, "mark_price": 65813.95, "amount": 50.0, "index_price": 65803.74, "direction": "sell", "price": 65817.0, "timestamp": 1712098692417}, {"trade_id": "188092648", "contracts": 4.0, "instrument_name": "BTC-PERPETUAL", "tick_direction": 0, "trade_seq": 111648897, "mark_price": 65813.95, "amount": 40.0, "index_price": 65803.74, "direction": "buy", "price": 65825.5, "timestamp": 1712098692478}, {"trade_id": "188092649", "contracts": 1.0, "instrument_name": "BTC-PERPETUAL", "tick_direction": 2, "trade_seq": 111648898, "mark_price": 65813.95, "amount": 10.0, "index_price": 65803.74, "direction": "sell", "price": 65817.0, "timestamp": 1712098692554}, {"trade_id": "188092650", "contracts": 3.0, "instrument_name": "BTC-PERPETUAL", "tick_direction": 3, "trade_seq": 111648899, "mark_price": 65813.95, "amount": 30.0, "index_price": 65803.74, "direction": "sell", "price": 65817.0, "timestamp": 1712098692617}, {"trade_id": "188092651", "contracts": 6.0, "instrument_name": "BTC-PERPETUAL", "tick_direction": 3, "trade_seq": 111648900, "mark_price": 65813.95, "amount": 60.0, "index_price": 65803.74, "direction": "sell", "price": 65817.0, "timestamp": 1712098692617}]}, "_doc": "0b19baef-6bfe-462d-abbe-556b38344e46"}, {"jsonrpc": "2.0", "method": "subscription", "params": {"channel": "trades.future.BTC.agg2", "data": [{"trade_id": "188092622", "contracts": 12.0, "instrument_name": "BTC-27SEP24", "tick_direction": 3, "trade_seq": 199478, "mark_price": 71672.53, "amount": 120.0, "index_price": 65808.28, "direction": "sell", "price": 71692.5, "timestamp": 1712098690748}, {"trade_id": "188092636", "contracts": 159.0, "instrument_name": "BTC-27SEP24", "tick_direction": 3, "trade_seq": 199479, "mark_price": 71673.99, "amount": 1590.0, "index_price": 65806.69, "direction": "sell", "price": 71692.5, "timestamp": 1712098691629}]}, "_doc": "da880a64-d8c5-42c6-b992-2686f15efa80"}, {"jsonrpc": "2.0", "method": "subscription", "params": {"channel": "trades.future.BTC.agg2", "data": [{"trade_id": "188092624", "contracts": 2.0, "instrument_name": "BTC-PERPETUAL", "tick_direction": 2, "trade_seq": 111648878, "mark_price": 65818.49, "amount": 20.0, "index_price": 65808.28, "direction": "sell", "price": 65784.0, "timestamp": 1712098690794}, {"trade_id": "188092625", "contracts": 18.0, "instrument_name": "BTC-PERPETUAL", "tick_direction": 3, "trade_seq": 111648879, "mark_price": 65818.49, "amount": 180.0, "index_price": 65808.28, "direction": "sell", "price": 65784.0, "timestamp": 1712098690921}, {"trade_id": "188092626", "contracts": 1.0, "instrument_name": "BTC-PERPETUAL", "tick_direction": 3, "trade_seq": 111648880, "mark_price": 65818.49, "amount": 10.0, "index_price": 65808.28, "direction": "sell", "price": 65784.0, "timestamp": 1712098691030}, {"trade_id": "188092627", "contracts": 5.0, "instrument_name": "BTC-PERPETUAL", "tick_direction": 3, "trade_seq": 111648881, "mark_price": 65818.49, "amount": 50.0, "index_price": 65808.28, "direction": "sell", "price": 65784.0, "timestamp": 1712098691067}, {"trade_id": "188092628", "contracts": 19.0, "instrument_name": "BTC-PERPETUAL", "tick_direction": 3, "trade_seq": 111648882, "mark_price": 65818.49, "amount": 190.0, "index_price": 65808.28, "direction": "sell", "price": 65784.0, "timestamp": 1712098691115}, {"trade_id": "188092629", "contracts": 2.0, "instrument_name": "BTC-PERPETUAL", "tick_direction": 3, "trade_seq": 111648883, "mark_price": 65818.49, "amount": 20.0, "index_price": 65808.28, "direction": "sell", "price": 65784.0, "timestamp": 1712098691141}, {"trade_id": "188092630", "contracts": 3.0, "instrument_name": "BTC-PERPETUAL", "tick_direction": 0, "trade_seq": 111648884, "mark_price": 65818.49, "amount": 30.0, "index_price": 65808.28, "direction": "buy", "price": 65820.5, "timestamp": 1712098691318}, {"trade_id": "188092631", "contracts": 4.0, "instrument_name": "BTC-PERPETUAL", "tick_direction": 0, "trade_seq": 111648885, "mark_price": 65818.49, "amount": 40.0, "index_price": 65808.28, "direction": "buy", "price": 65828.5, "timestamp": 1712098691318}, {"trade_id": "188092633", "contracts": 10.0, "instrument_name": "BTC-PERPETUAL", "tick_direction": 2, "trade_seq": 111648886, "mark_price": 65816.9, "amount": 100.0, "index_price": 65806.69, "direction": "buy", "price": 65827.0, "timestamp": 1712098691461}, {"trade_id": "188092635", "contracts": 2.0, "instrument_name": "BTC-PERPETUAL", "tick_direction": 2, "trade_seq": 111648887, "mark_price": 65816.9, "amount": 20.0, "index_price": 65806.69, "direction": "sell", "price": 65817.0, "timestamp": 1712098691619}]}, "_doc": "7a4da78b-bad7-49ee-8727-b7d4af434c75"}, {"jsonrpc": "2.0", "method": "subscription", "params": {"channel": "trades.future.BTC.agg2", "data": [{"trade_id": "188092601", "contracts": 2.0, "instrument_name": "BTC-PERPETUAL", "tick_direction": 3, "trade_seq": 111648864, "mark_price": 65821.36, "amount": 20.0, "index_price": 65809.6, "direction": "sell", "price": 65791.0, "timestamp": 1712098689702}, {"trade_id": "188092602", "contracts": 7.0, "instrument_name": "BTC-PERPETUAL", "tick_direction": 0, "trade_seq": 111648865, "mark_price": 65821.36, "amount": 70.0, "index_price": 65809.6, "direction": "buy", "price": 65821.5, "timestamp": 1712098689703}, {"trade_id": "188092603", "contracts": 6.0, "instrument_name": "BTC-PERPETUAL", "tick_direction": 1, "trade_seq": 111648866, "mark_price": 65821.36, "amount": 60.0, "index_price": 65809.6, "direction": "buy", "price": 65821.5, "timestamp": 1712098689784}, {"trade_id": "188092606", "contracts": 2.0, "instrument_name": "BTC-PERPETUAL", "tick_direction": 2, "trade_seq": 111648867, "mark_price": 65820.66, "amount": 20.0, "index_price": 65809.6, "direction": "sell", "price": 65791.0, "timestamp": 1712098689904}, {"trade_id": "188092607", "contracts": 2.0, "instrument_name": "BTC-PERPETUAL", "tick_direction": 0, "trade_seq": 111648868, "mark_price": 65820.66, "amount": 20.0, "index_price": 65809.6, "direction": "buy", "price": 65820.5, "timestamp": 1712098689913}, {"trade_id": "188092608", "contracts": 2.0, "instrument_name": "BTC-PERPETUAL", "tick_direction": 1, "trade_seq": 111648869, "mark_price": 65820.66, "amount": 20.0, "index_price": 65809.6, "direction": "buy", "price": 65820.5, "timestamp": 1712098689914}, {"trade_id": "188092609", "contracts": 5.0, "instrument_name": "BTC-PERPETUAL", "tick_direction": 0, "trade_seq": 111648870, "mark_price": 65820.66, "amount": 50.0, "index_price": 65809.6, "direction": "buy", "price": 65821.5, "timestamp": 1712098689914}, {"trade_id": "188092610", "contracts": 1.0, "instrument_name": "BTC-PERPETUAL", "tick_direction": 0, "trade_seq": 111648871, "mark_price": 65820.66, "amount": 10.0, "index_price": 65809.6, "direction": "buy", "price": 65831.0, "timestamp": 1712098689942}, {"trade_id": "188092611", "contracts": 7.0, "instrument_name": "BTC-PERPETUAL", "tick_direction": 2, "trade_seq": 111648872, "mark_price": 65820.66, "amount": 70.0, "index_price": 65809.6, "direction": "sell", "price": 65790.5, "timestamp": 1712098690077}, {"trade_id": "188092612", "contracts": 1.0, "instrument_name": "BTC-PERPETUAL", "tick_direction": 3, "trade_seq": 111648873, "mark_price": 65820.66, "amount": 10.0, "index_price": 65809.6, "direction": "sell", "price": 65790.5, "timestamp": 1712098690086}, {"trade_id": "188092613", "contracts": 2.0, "instrument_name": "BTC-PERPETUAL", "tick_direction": 3, "trade_seq": 111648874, "mark_price": 65820.66, "amount": 20.0, "index_price": 65809.6, "direction": "sell", "price": 65790.5, "timestamp": 1712098690092}, {"trade_id": "188092614", "contracts": 2.0, "instrument_name": "BTC-PERPETUAL", "tick_direction": 0, "trade_seq": 111648875, "mark_price": 65820.66, "amount": 20.0, "index_price": 65809.6, "direction": "buy", "price": 65831.0, "timestamp": 1712098690207}, {"trade_id": "188092620", "contracts": 3.0, "instrument_name": "BTC-PERPETUAL", "tick_direction": 2, "trade_seq": 111648876, "mark_price": 65819.34, "amount": 30.0, "index_price": 65808.28, "direction": "buy", "price": 65819.5, "timestamp": 1712098690626}, {"trade_id": "188092621", "contracts": 5.0, "instrument_name": "BTC-PERPETUAL", "tick_direction": 0, "trade_seq": 111648877, "mark_price": 65819.34, "amount": 50.0, "index_price": 65808.28, "direction": "buy", "price": 65820.5, "timestamp": 1712098690626}]}, "_doc": "ba4bd0f4-ffe7-4b7f-9933-ec5816601d06"}, {"jsonrpc": "2.0", "method": "subscription", "params": {"channel": "trades.future.BTC.agg2", "data": [{"trade_id": "188092576", "contracts": 5.0, "instrument_name": "BTC-PERPETUAL", "tick_direction": 0, "trade_seq": 111648848, "mark_price": 65822.23, "amount": 50.0, "index_price": 65810.47, "direction": "buy", "price": 65822.0, "timestamp": 1712098688644}, {"trade_id": "188092577", "contracts": 9.0, "instrument_name": "BTC-PERPETUAL", "tick_direction": 1, "trade_seq": 111648849, "mark_price": 65822.23, "amount": 90.0, "index_price": 65810.47, "direction": "buy", "price": 65822.0, "timestamp": 1712098688761}, {"trade_id": "188092578", "contracts": 5.0, "instrument_name": "BTC-PERPETUAL", "tick_direction": 1, "trade_seq": 111648850, "mark_price": 65822.23, "amount": 50.0, "index_price": 65810.47, "direction": "buy", "price": 65822.0, "timestamp": 1712098688825}, {"trade_id": "188092579", "contracts": 19.0, "instrument_name": "BTC-PERPETUAL", "tick_direction": 0, "trade_seq": 111648851, "mark_price": 65822.23, "amount": 190.0, "index_price": 65810.47, "direction": "buy", "price": 65833.5, "timestamp": 1712098688880}, {"trade_id": "188092580", "contracts": 19.0, "instrument_name": "BTC-PERPETUAL", "tick_direction": 2, "trade_seq": 111648852, "mark_price": 65822.23, "amount": 190.0, "index_price": 65810.47, "direction": "sell", "price": 65833.0, "timestamp": 1712098688924}, {"trade_id": "188092581", "contracts": 4.0, "instrument_name": "BTC-PERPETUAL", "tick_direction": 2, "trade_seq": 111648853, "mark_price": 65822.23, "amount": 40.0, "index_price": 65810.47, "direction": "sell", "price": 65822.0, "timestamp": 1712098688935}, {"trade_id": "188092582", "contracts": 1.0, "instrument_name": "BTC-PERPETUAL", "tick_direction": 3, "trade_seq": 111648854, "mark_price": 65822.23, "amount": 10.0, "index_price": 65810.47, "direction": "sell", "price": 65822.0, "timestamp": 1712098688935}, {"trade_id": "188092583", "contracts": 6.0, "instrument_name": "BTC-PERPETUAL", "tick_direction": 2, "trade_seq": 111648855, "mark_price": 65822.23, "amount": 60.0, "index_price": 65810.47, "direction": "sell", "price": 65791.0, "timestamp": 1712098688935}, {"trade_id": "188092585", "contracts": 5.0, "instrument_name": "BTC-PERPETUAL", "tick_direction": 3, "trade_seq": 111648856, "mark_price": 65822.23, "amount": 50.0, "index_price": 65810.47, "direction": "sell", "price": 65791.0, "timestamp": 1712098689012}, {"trade_id": "188092587", "contracts": 2.0, "instrument_name": "BTC-PERPETUAL", "tick_direction": 3, "trade_seq": 111648857, "mark_price": 65822.23, "amount": 20.0, "index_price": 65810.47, "direction": "sell", "price": 65791.0, "timestamp": 1712098689178}, {"trade_id": "188092588", "contracts": 9.0, "instrument_name": "BTC-PERPETUAL", "tick_direction": 3, "trade_seq": 111648858, "mark_price": 65822.23, "amount": 90.0, "index_price": 65810.47, "direction": "sell", "price": 65791.0, "timestamp": 1712098689231}, {"trade_id": "188092589", "contracts": 8.0, "instrument_name": "BTC-PERPETUAL", "tick_direction": 3, "trade_seq": 111648859, "mark_price": 65822.23, "amount": 80.0, "index_price": 65810.47, "direction": "sell", "price": 65791.0, "timestamp": 1712098689321}, {"trade_id": "188092590", "contracts": 9.0, "instrument_name": "BTC-PERPETUAL", "tick_direction": 0, "trade_seq": 111648860, "mark_price": 65821.36, "amount": 90.0, "index_price": 65809.6, "direction": "buy", "price": 65831.0, "timestamp": 1712098689361}, {"trade_id": "188092597", "contracts": 11.0, "instrument_name": "BTC-PERPETUAL", "tick_direction": 2, "trade_seq": 111648861, "mark_price": 65821.36, "amount": 110.0, "index_price": 65809.6, "direction": "sell", "price": 65791.0, "timestamp": 1712098689474}, {"trade_id": "188092598", "contracts": 2.0, "instrument_name": "BTC-PERPETUAL", "tick_direction": 3, "trade_seq": 111648862, "mark_price": 65821.36, "amount": 20.0, "index_price": 65809.6, "direction": "sell", "price": 65791.0, "timestamp": 1712098689498}, {"trade_id": "188092599", "contracts": 8.0, "instrument_name": "BTC-PERPETUAL", "tick_direction": 3, "trade_seq": 111648863, "mark_price": 65821.36, "amount": 80.0, "index_price": 65809.6, "direction": "sell", "price": 65791.0, "timestamp": 1712098689499}]}, "_doc": "5b6ada0f-f538-41c1-b300-c044636277a0"}, {"jsonrpc": "2.0", "method": "subscription", "params": {"channel": "trades.future.BTC.agg2", "data": [{"trade_id": "188092562", "contracts": 3.0, "instrument_name": "BTC-PERPETUAL", "tick_direction": 0, "trade_seq": 111648838, "mark_price": 65822.54, "amount": 30.0, "index_price": 65810.11, "direction": "buy", "price": 65822.5, "timestamp": 1712098687846}, {"trade_id": "188092563", "contracts": 8.0, "instrument_name": "BTC-PERPETUAL", "tick_direction": 0, "trade_seq": 111648839, "mark_price": 65822.54, "amount": 80.0, "index_price": 65810.11, "direction": "buy", "price": 65833.5, "timestamp": 1712098687846}, {"trade_id": "188092566", "contracts": 3.0, "instrument_name": "BTC-PERPETUAL", "tick_direction": 2, "trade_seq": 111648840, "mark_price": 65822.54, "amount": 30.0, "index_price": 65810.11, "direction": "sell", "price": 65791.0, "timestamp": 1712098687954}, {"trade_id": "188092567", "contracts": 5.0, "instrument_name": "BTC-PERPETUAL", "tick_direction": 0, "trade_seq": 111648841, "mark_price": 65821.87, "amount": 50.0, "index_price": 65810.11, "direction": "buy", "price": 65822.0, "timestamp": 1712098688075}, {"trade_id": "188092568", "contracts": 5.0, "instrument_name": "BTC-PERPETUAL", "tick_direction": 1, "trade_seq": 111648842, "mark_price": 65821.87, "amount": 50.0, "index_price": 65810.11, "direction": "sell", "price": 65822.0, "timestamp": 1712098688087}, {"trade_id": "188092569", "contracts": 7.0, "instrument_name": "BTC-PERPETUAL", "tick_direction": 2, "trade_seq": 111648843, "mark_price": 65821.87, "amount": 70.0, "index_price": 65810.11, "direction": "sell", "price": 65791.0, "timestamp": 1712098688087}, {"trade_id": "188092572", "contracts": 4.0, "instrument_name": "BTC-PERPETUAL", "tick_direction": 0, "trade_seq": 111648844, "mark_price": 65821.87, "amount": 40.0, "index_price": 65810.11, "direction": "buy", "price": 65833.5, "timestamp": 1712098688312}, {"trade_id": "188092573", "contracts": 2.0, "instrument_name": "BTC-PERPETUAL", "tick_direction": 2, "trade_seq": 111648845, "mark_price": 65821.87, "amount": 20.0, "index_price": 65810.11, "direction": "sell", "price": 65791.0, "timestamp": 1712098688329}, {"trade_id": "188092574", "contracts": 5.0, "instrument_name": "BTC-PERPETUAL", "tick_direction": 3, "trade_seq": 111648846, "mark_price": 65822.23, "amount": 50.0, "index_price": 65810.47, "direction": "sell", "price": 65791.0, "timestamp": 1712098688357}, {"trade_id": "188092575", "contracts": 7.0, "instrument_name": "BTC-PERPETUAL", "tick_direction": 3, "trade_seq": 111648847, "mark_price": 65822.23, "amount": 70.0, "index_price": 65810.47, "direction": "sell", "price": 65791.0, "timestamp": 1712098688451}]}, "_doc": "00c6d56f-1b91-4776-88e6-c5f247738ad8"}, {"jsonrpc": "2.0", "method": "subscription", "params": {"channel": "trades.future.BTC.agg2", "data": [{"trade_id": "188092543", "contracts": 4.0, "instrument_name": "BTC-PERPETUAL", "tick_direction": 1, "trade_seq": 111648826, "mark_price": 65821.06, "amount": 40.0, "index_price": 65808.63, "direction": "buy", "price": 65821.0, "timestamp": 1712098686664}, {"trade_id": "188092544", "contracts": 6.0, "instrument_name": "BTC-PERPETUAL", "tick_direction": 1, "trade_seq": 111648827, "mark_price": 65821.06, "amount": 60.0, "index_price": 65808.63, "direction": "buy", "price": 65821.0, "timestamp": 1712098686741}, {"trade_id": "188092545", "contracts": 2.0, "instrument_name": "BTC-PERPETUAL", "tick_direction": 0, "trade_seq": 111648828, "mark_price": 65821.06, "amount": 20.0, "index_price": 65808.63, "direction": "buy", "price": 65829.0, "timestamp": 1712098686741}, {"trade_id": "188092549", "contracts": 4.0, "instrument_name": "BTC-PERPETUAL", "tick_direction": 2, "trade_seq": 111648829, "mark_price": 65821.06, "amount": 40.0, "index_price": 65808.63, "direction": "sell", "price": 65820.5, "timestamp": 1712098686923}, {"trade_id": "188092550", "contracts": 2.0, "instrument_name": "BTC-PERPETUAL", "tick_direction": 2, "trade_seq": 111648830, "mark_price": 65821.06, "amount": 20.0, "index_price": 65808.63, "direction": "sell", "price": 65789.0, "timestamp": 1712098686923}, {"trade_id": "188092552", "contracts": 16.0, "instrument_name": "BTC-PERPETUAL", "tick_direction": 0, "trade_seq": 111648831, "mark_price": 65821.06, "amount": 160.0, "index_price": 65808.63, "direction": "buy", "price": 65829.5, "timestamp": 1712098686946}, {"trade_id": "188092554", "contracts": 9.0, "instrument_name": "BTC-PERPETUAL", "tick_direction": 2, "trade_seq": 111648832, "mark_price": 65821.06, "amount": 90.0, "index_price": 65808.63, "direction": "sell", "price": 65789.0, "timestamp": 1712098686965}, {"trade_id": "188092555", "contracts": 17.0, "instrument_name": "BTC-PERPETUAL", "tick_direction": 0, "trade_seq": 111648833, "mark_price": 65821.06, "amount": 170.0, "index_price": 65808.63, "direction": "buy", "price": 65835.0, "timestamp": 1712098687258}, {"trade_id": "188092557", "contracts": 8.0, "instrument_name": "BTC-PERPETUAL", "tick_direction": 2, "trade_seq": 111648834, "mark_price": 65822.54, "amount": 80.0, "index_price": 65810.11, "direction": "sell", "price": 65822.5, "timestamp": 1712098687572}, {"trade_id": "188092558", "contracts": 2.0, "instrument_name": "BTC-PERPETUAL", "tick_direction": 0, "trade_seq": 111648835, "mark_price": 65822.54, "amount": 20.0, "index_price": 65810.11, "direction": "buy", "price": 65835.0, "timestamp": 1712098687616}, {"trade_id": "188092559", "contracts": 2.0, "instrument_name": "BTC-PERPETUAL", "tick_direction": 2, "trade_seq": 111648836, "mark_price": 65822.54, "amount": 20.0, "index_price": 65810.11, "direction": "sell", "price": 65822.5, "timestamp": 1712098687628}, {"trade_id": "188092560", "contracts": 7.0, "instrument_name": "BTC-PERPETUAL", "tick_direction": 2, "trade_seq": 111648837, "mark_price": 65822.54, "amount": 70.0, "index_price": 65810.11, "direction": "sell", "price": 65791.0, "timestamp": 1712098687628}]}, "_doc": "8d43470c-1510-4af7-86c8-57950571a7b0"}, {"jsonrpc": "2.0", "method": "subscription", "params": {"channel": "trades.future.BTC.agg2", "data": [{"trade_id": "188092530", "contracts": 2.0, "instrument_name": "BTC-PERPETUAL", "tick_direction": 3, "trade_seq": 111648820, "mark_price": 65821.48, "amount": 20.0, "index_price": 65808.65, "direction": "sell", "price": 65793.0, "timestamp": 1712098685893}, {"trade_id": "188092531", "contracts": 7.0, "instrument_name": "BTC-PERPETUAL", "tick_direction": 0, "trade_seq": 111648821, "mark_price": 65821.48, "amount": 70.0, "index_price": 65808.65, "direction": "buy", "price": 65837.5, "timestamp": 1712098686058}, {"trade_id": "188092539", "contracts": 2.0, "instrument_name": "BTC-PERPETUAL", "tick_direction": 2, "trade_seq": 111648822, "mark_price": 65821.06, "amount": 20.0, "index_price": 65808.63, "direction": "sell", "price": 65793.0, "timestamp": 1712098686447}, {"trade_id": "188092540", "contracts": 10.0, "instrument_name": "BTC-PERPETUAL", "tick_direction": 3, "trade_seq": 111648823, "mark_price": 65821.06, "amount": 100.0, "index_price": 65808.63, "direction": "sell", "price": 65793.0, "timestamp": 1712098686481}, {"trade_id": "188092541", "contracts": 2.0, "instrument_name": "BTC-PERPETUAL", "tick_direction": 3, "trade_seq": 111648824, "mark_price": 65821.06, "amount": 20.0, "index_price": 65808.63, "direction": "sell", "price": 65793.0, "timestamp": 1712098686491}, {"trade_id": "188092542", "contracts": 6.0, "instrument_name": "BTC-PERPETUAL", "tick_direction": 0, "trade_seq": 111648825, "mark_price": 65821.06, "amount": 60.0, "index_price": 65808.63, "direction": "buy", "price": 65821.0, "timestamp": 1712098686579}]}, "_doc": "821c5cf0-e77e-4760-8007-9fe11848368a"}, {"jsonrpc": "2.0", "method": "subscription", "params": {"channel": "trades.future.BTC.agg2", "data": [{"trade_id": "188092525", "contracts": 188.0, "instrument_name": "BTC-27SEP24", "tick_direction": 3, "trade_seq": 199477, "mark_price": 71666.18, "amount": 1880.0, "index_price": 65811.59, "direction": "sell", "price": 71692.5, "timestamp": 1712098685311}]}, "_doc": "8dca738f-b9fc-44f3-8ba6-09a85ece662e"}, {"jsonrpc": "2.0", "method": "subscription", "params": {"channel": "trades.future.BTC.agg2", "data": [{"trade_id": "188092520", "contracts": 4.0, "instrument_name": "BTC-PERPETUAL", "tick_direction": 2, "trade_seq": 111648817, "mark_price": 65831.44, "amount": 40.0, "index_price": 65818.61, "direction": "sell", "price": 65792.5, "timestamp": 1712098684705}, {"trade_id": "188092524", "contracts": 6.0, "instrument_name": "BTC-PERPETUAL", "tick_direction": 0, "trade_seq": 111648818, "mark_price": 65831.44, "amount": 60.0, "index_price": 65818.61, "direction": "buy", "price": 65834.5, "timestamp": 1712098685256}, {"trade_id": "188092526", "contracts": 1.0, "instrument_name": "BTC-PERPETUAL", "tick_direction": 2, "trade_seq": 111648819, "mark_price": 65821.48, "amount": 10.0, "index_price": 65808.65, "direction": "sell", "price": 65793.0, "timestamp": 1712098685438}]}, "_doc": "1abf8778-39b4-43f4-85ff-f5fa927ac0ae"}, {"jsonrpc": "2.0", "id": 6848350645, "result": ["trades.future.BTC.agg2"], "usIn": 1712098685040732, "usOut": 1712098685040954, "usDiff": 222, "testnet": true, "_doc": "af98e666-34b2-4b66-adf8-c166c09dc049"}, {"jsonrpc": "2.0", "method": "subscription", "params": {"channel": "trades.future.BTC.agg2", "data": [{"trade_id": "188085228", "contracts": 3.0, "instrument_name": "BTC-PERPETUAL", "tick_direction": 3, "trade_seq": 111645851, "mark_price": 65769.93, "amount": 30.0, "index_price": 65795.29, "direction": "sell", "price": 65757.0, "timestamp": 1712097972748}, {"trade_id": "188085229", "contracts": 9.0, "instrument_name": "BTC-PERPETUAL", "tick_direction": 0, "trade_seq": 111645852, "mark_price": 65769.93, "amount": 90.0, "index_price": 65795.29, "direction": "buy", "price": 65770.0, "timestamp": 1712097972957}, {"trade_id": "188085230", "contracts": 7.0, "instrument_name": "BTC-PERPETUAL", "tick_direction": 2, "trade_seq": 111645853, "mark_price": 65769.93, "amount": 70.0, "index_price": 65795.29, "direction": "sell", "price": 65757.0, "timestamp": 1712097973030}, {"trade_id": "188085231", "contracts": 6.0, "instrument_name": "BTC-PERPETUAL", "tick_direction": 0, "trade_seq": 111645854, "mark_price": 65769.93, "amount": 60.0, "index_price": 65795.29, "direction": "buy", "price": 65770.0, "timestamp": 1712097973031}, {"trade_id": "188085232", "contracts": 4.0, "instrument_name": "BTC-PERPETUAL", "tick_direction": 0, "trade_seq": 111645855, "mark_price": 65769.93, "amount": 40.0, "index_price": 65795.29, "direction": "buy", "price": 65777.5, "timestamp": 1712097973031}, {"trade_id": "188085233", "contracts": 2.0, "instrument_name": "BTC-PERPETUAL", "tick_direction": 1, "trade_seq": 111645856, "mark_price": 65769.93, "amount": 20.0, "index_price": 65795.29, "direction": "buy", "price": 65777.5, "timestamp": 1712097973062}, {"trade_id": "188085240", "contracts": 2.0, "instrument_name": "BTC-PERPETUAL", "tick_direction": 2, "trade_seq": 111645857, "mark_price": 65769.93, "amount": 20.0, "index_price": 65795.29, "direction": "sell", "price": 65757.0, "timestamp": 1712097973165}, {"trade_id": "188085242", "contracts": 2.0, "instrument_name": "BTC-PERPETUAL", "tick_direction": 0, "trade_seq": 111645858, "mark_price": 65770.18, "amount": 20.0, "index_price": 65795.54, "direction": "buy", "price": 65777.5, "timestamp": 1712097973362}, {"trade_id": "188085243", "contracts": 3.0, "instrument_name": "BTC-PERPETUAL", "tick_direction": 1, "trade_seq": 111645859, "mark_price": 65770.18, "amount": 30.0, "index_price": 65795.54, "direction": "buy", "price": 65777.5, "timestamp": 1712097973439}, {"trade_id": "188085244", "contracts": 3.0, "instrument_name": "BTC-PERPETUAL", "tick_direction": 1, "trade_seq": 111645860, "mark_price": 65770.18, "amount": 30.0, "index_price": 65795.54, "direction": "buy", "price": 65777.5, "timestamp": 1712097973517}]}, "_doc": "84af5491-2f81-4cf9-8e30-0dc3ba3d8cf0"}, {"jsonrpc": "2.0", "method": "subscription", "params": {"channel": "trades.future.BTC.agg2", "data": [{"trade_id": "188085225", "contracts": 18.0, "instrument_name": "BTC-PERPETUAL", "tick_direction": 0, "trade_seq": 111645849, "mark_price": 65772.71, "amount": 180.0, "index_price": 65797.88, "direction": "buy", "price": 65777.5, "timestamp": 1712097971884}, {"trade_id": "188085227", "contracts": 18.0, "instrument_name": "BTC-PERPETUAL", "tick_direction": 2, "trade_seq": 111645850, "mark_price": 65770.12, "amount": 180.0, "index_price": 65795.29, "direction": "sell", "price": 65757.0, "timestamp": 1712097972382}]}, "_doc": "1ebefbf7-f582-44d7-9f22-5bff13194676"}, {"jsonrpc": "2.0", "method": "subscription", "params": {"channel": "trades.future.BTC.agg2", "data": [{"trade_id": "188085220", "contracts": 2.0, "instrument_name": "BTC-PERPETUAL", "tick_direction": 3, "trade_seq": 111645847, "mark_price": 65771.91, "amount": 20.0, "index_price": 65797.08, "direction": "sell", "price": 65757.0, "timestamp": 1712097970720}, {"trade_id": "188085224", "contracts": 18.0, "instrument_name": "BTC-PERPETUAL", "tick_direction": 3, "trade_seq": 111645848, "mark_price": 65772.71, "amount": 180.0, "index_price": 65797.88, "direction": "sell", "price": 65757.0, "timestamp": 1712097971648}]}, "_doc": "ad8684a4-4007-417d-bd49-b371c369aa98"}, {"jsonrpc": "2.0", "method": "subscription", "params": {"channel": "trades.future.BTC.agg2", "data": [{"trade_id": "188085214", "contracts": 13.0, "instrument_name": "BTC-PERPETUAL", "tick_direction": 0, "trade_seq": 111645843, "mark_price": 65771.48, "amount": 130.0, "index_price": 65796.33, "direction": "buy", "price": 65777.5, "timestamp": 1712097969873}, {"trade_id": "188085216", "contracts": 7.0, "instrument_name": "BTC-PERPETUAL", "tick_direction": 2, "trade_seq": 111645844, "mark_price": 65771.48, "amount": 70.0, "index_price": 65796.33, "direction": "sell", "price": 65757.0, "timestamp": 1712097970052}, {"trade_id": "188085218", "contracts": 1.0, "instrument_name": "BTC-PERPETUAL", "tick_direction": 3, "trade_seq": 111645845, "mark_price": 65771.48, "amount": 10.0, "index_price": 65796.33, "direction": "sell", "price": 65757.0, "timestamp": 1712097970236}, {"trade_id": "188085219", "contracts": 4.0, "instrument_name": "BTC-PERPETUAL", "tick_direction": 3, "trade_seq": 111645846, "mark_price": 65772.23, "amount": 40.0, "index_price": 65797.08, "direction": "sell", "price": 65757.0, "timestamp": 1712097970561}]}, "_doc": "08e80c16-2442-4057-acfc-93c04f86dd4f"}, {"jsonrpc": "2.0", "method": "subscription", "params": {"channel": "trades.future.BTC.agg2", "data": [{"trade_id": "188085197", "contracts": 2.0, "instrument_name": "BTC-PERPETUAL", "tick_direction": 3, "trade_seq": 111645833, "mark_price": 65770.32, "amount": 20.0, "index_price": 65794.19, "direction": "sell", "price": 65757.0, "timestamp": 1712097968794}, {"trade_id": "188085200", "contracts": 4.0, "instrument_name": "BTC-PERPETUAL", "tick_direction": 0, "trade_seq": 111645834, "mark_price": 65770.32, "amount": 40.0, "index_price": 65794.19, "direction": "buy", "price": 65757.5, "timestamp": 1712097968930}, {"trade_id": "188085201", "contracts": 6.0, "instrument_name": "BTC-PERPETUAL", "tick_direction": 0, "trade_seq": 111645835, "mark_price": 65770.32, "amount": 60.0, "index_price": 65794.19, "direction": "buy", "price": 65777.5, "timestamp": 1712097968930}, {"trade_id": "188085202", "contracts": 3.0, "instrument_name": "BTC-PERPETUAL", "tick_direction": 2, "trade_seq": 111645836, "mark_price": 65770.32, "amount": 30.0, "index_price": 65794.19, "direction": "sell", "price": 65757.0, "timestamp": 1712097969085}, {"trade_id": "188085204", "contracts": 2.0, "instrument_name": "BTC-PERPETUAL", "tick_direction": 0, "trade_seq": 111645837, "mark_price": 65770.32, "amount": 20.0, "index_price": 65794.19, "direction": "buy", "price": 65757.5, "timestamp": 1712097969216}, {"trade_id": "188085205", "contracts": 1.0, "instrument_name": "BTC-PERPETUAL", "tick_direction": 1, "trade_seq": 111645838, "mark_price": 65770.32, "amount": 10.0, "index_price": 65794.19, "direction": "buy", "price": 65757.5, "timestamp": 1712097969296}, {"trade_id": "188085206", "contracts": 2.0, "instrument_name": "BTC-PERPETUAL", "tick_direction": 1, "trade_seq": 111645839, "mark_price": 65772.46, "amount": 20.0, "index_price": 65796.33, "direction": "buy", "price": 65757.5, "timestamp": 1712097969334}, {"trade_id": "188085209", "contracts": 6.0, "instrument_name": "BTC-PERPETUAL", "tick_direction": 2, "trade_seq": 111645840, "mark_price": 65772.46, "amount": 60.0, "index_price": 65796.33, "direction": "sell", "price": 65757.0, "timestamp": 1712097969502}, {"trade_id": "188085211", "contracts": 2.0, "instrument_name": "BTC-PERPETUAL", "tick_direction": 0, "trade_seq": 111645841, "mark_price": 65772.46, "amount": 20.0, "index_price": 65796.33, "direction": "buy", "price": 65757.5, "timestamp": 1712097969530}, {"trade_id": "188085212", "contracts": 3.0, "instrument_name": "BTC-PERPETUAL", "tick_direction": 2, "trade_seq": 111645842, "mark_price": 65771.48, "amount": 30.0, "index_price": 65796.33, "direction": "sell", "price": 65757.0, "timestamp": 1712097969679}]}, "_doc": "95e0ffc0-4355-4113-94c1-cc03496f0fb3"}, {"jsonrpc": "2.0", "method": "subscription", "params": {"channel": "trades.future.BTC.agg2", "data": [{"trade_id": "188085193", "contracts": 5.0, "instrument_name": "BTC-PERPETUAL", "tick_direction": 2, "trade_seq": 111645830, "mark_price": 65770.32, "amount": 50.0, "index_price": 65794.19, "direction": "sell", "price": 65757.0, "timestamp": 1712097968322}, {"trade_id": "188085195", "contracts": 4.0, "instrument_name": "BTC-PERPETUAL", "tick_direction": 3, "trade_seq": 111645831, "mark_price": 65770.32, "amount": 40.0, "index_price": 65794.19, "direction": "sell", "price": 65757.0, "timestamp": 1712097968672}, {"trade_id": "188085196", "contracts": 3.0, "instrument_name": "BTC-PERPETUAL", "tick_direction": 3, "trade_seq": 111645832, "mark_price": 65770.32, "amount": 30.0, "index_price": 65794.19, "direction": "sell", "price": 65757.0, "timestamp": 1712097968712}]}, "_doc": "1833dd0d-0191-48f0-b16d-1c0d9b16b037"}, {"jsonrpc": "2.0", "method": "subscription", "params": {"channel": "trades.future.BTC.agg2", "data": [{"trade_id": "188085179", "contracts": 17.0, "instrument_name": "BTC-PERPETUAL", "tick_direction": 0, "trade_seq": 111645826, "mark_price": 65772.56, "amount": 170.0, "index_price": 65796.22, "direction": "buy", "price": 65777.5, "timestamp": 1712097967299}, {"trade_id": "188085184", "contracts": 1.0, "instrument_name": "BTC-PERPETUAL", "tick_direction": 2, "trade_seq": 111645827, "mark_price": 65770.32, "amount": 10.0, "index_price": 65794.19, "direction": "sell", "price": 65762.0, "timestamp": 1712097967619}, {"trade_id": "188085185", "contracts": 14.0, "instrument_name": "BTC-PERPETUAL", "tick_direction": 2, "trade_seq": 111645828, "mark_price": 65770.32, "amount": 140.0, "index_price": 65794.19, "direction": "sell", "price": 65757.0, "timestamp": 1712097967619}, {"trade_id": "188085186", "contracts": 14.0, "instrument_name": "BTC-PERPETUAL", "tick_direction": 0, "trade_seq": 111645829, "mark_price": 65770.32, "amount": 140.0, "index_price": 65794.19, "direction": "buy", "price": 65777.5, "timestamp": 1712097967699}]}, "_doc": "a9f2d0ff-1ed3-49de-9f72-7ea8f7cc3c85"}, {"jsonrpc": "2.0", "method": "subscription", "params": {"channel": "trades.future.BTC.agg2", "data": [{"trade_id": "188085146", "contracts": 5.0, "instrument_name": "BTC-PERPETUAL", "tick_direction": 3, "trade_seq": 111645823, "mark_price": 65777.33, "amount": 50.0, "index_price": 65800.13, "direction": "sell", "price": 65766.0, "timestamp": 1712097963888}, {"trade_id": "188085147", "contracts": 4.0, "instrument_name": "BTC-PERPETUAL", "tick_direction": 3, "trade_seq": 111645824, "mark_price": 65776.97, "amount": 40.0, "index_price": 65800.13, "direction": "sell", "price": 65766.0, "timestamp": 1712097963946}, {"trade_id": "188085152", "contracts": 1.0, "instrument_name": "BTC-PERPETUAL", "tick_direction": 3, "trade_seq": 111645825, "mark_price": 65773.77, "amount": 10.0, "index_price": 65796.93, "direction": "sell", "price": 65766.0, "timestamp": 1712097964661}]}, "_doc": "bc4a2204-f4c7-4b8c-96bd-9d838fb2716c"}, {"jsonrpc": "2.0", "method": "subscription", "params": {"channel": "trades.future.BTC.agg2", "data": [{"trade_id": "188085139", "contracts": 12.0, "instrument_name": "BTC-PERPETUAL", "tick_direction": 0, "trade_seq": 111645821, "mark_price": 65779.64, "amount": 120.0, "index_price": 65802.44, "direction": "buy", "price": 65777.5, "timestamp": 1712097962963}, {"trade_id": "188085142", "contracts": 2.0, "instrument_name": "BTC-PERPETUAL", "tick_direction": 2, "trade_seq": 111645822, "mark_price": 65779.64, "amount": 20.0, "index_price": 65802.44, "direction": "sell", "price": 65766.0, "timestamp": 1712097963186}]}, "_doc": "3241d851-04ad-4e16-8e15-25fe11449710"}, {"jsonrpc": "2.0", "id": 4708361552, "result": ["trades.future.BTC.agg2"], "usIn": 1712097962841303, "usOut": 1712097962841432, "usDiff": 129, "testnet": true, "_doc": "06c836a1-9c3f-4d86-bcd8-e08baaaa5e4d"}]