[{"trades":[[{"side":"buy","price":70617.4,"quantity":0.25,"timestamp":"2024-04-11 00:25:53"}]],"liquidations":[],"receive_time":1712791553.578,"_doc":"d285dbfd-2378-4329-9f2b-6c55810096bb"},{"trades":[[{"side":"sell","price":70617.3,"quantity":0.01,"timestamp":"2024-04-11 00:25:53"}]],"liquidations":[],"receive_time":1712791553.289,"_doc":"afadcd5a-d255-4e4e-98ea-dc2a5224150a"},{"trades":[[{"side":"sell","price":70617.3,"quantity":0.02,"timestamp":"2024-04-11 00:25:52"}]],"liquidations":[],"receive_time":1712791552.237,"_doc":"eef1efd8-6184-4dc4-9ce4-4c073ab63489"},{"trades":[[{"side":"buy","price":70617.4,"quantity":0.13,"timestamp":"2024-04-11 00:25:51"}]],"liquidations":[],"receive_time":1712791551.303,"_doc":"a00cc936-2244-4932-bdd9-31aab9f8dadb"},{"trades":[[{"side":"sell","price":70617.3,"quantity":0.12,"timestamp":"2024-04-11 00:25:51"}]],"liquidations":[],"receive_time":1712791551.188,"_doc":"f997b93b-42d9-49b8-875a-18ac25b83ff9"},{"trades":[[{"side":"sell","price":70617.3,"quantity":0.01,"timestamp":"2024-04-11 00:25:50"}]],"liquidations":[],"receive_time":1712791550.781,"_doc":"21439324-cd83-4fa3-9634-f29c99308934"},{"trades":[[{"side":"sell","price":70617.3,"quantity":1.04,"timestamp":"2024-04-11 00:25:49"}]],"liquidations":[],"receive_time":1712791549.521,"_doc":"3e5881ef-adaf-41fe-a0c5-484939ebfa9a"},{"trades":[[{"side":"sell","price":70617.3,"quantity":0.01,"timestamp":"2024-04-11 00:25:49"}]],"liquidations":[],"receive_time":1712791549.41,"_doc":"b2c1182c-b427-4e2a-b5b4-078d969c4f1c"},{"trades":[[{"side":"buy","price":70616.0,"quantity":0.73,"timestamp":"2024-04-11 00:25:49"}]],"liquidations":[],"receive_time":1712791549.103,"_doc":"d4606fcd-3e3d-4ef3-a85a-4c4678226f1d"},{"trades":[[{"side":"sell","price":70615.9,"quantity":0.35000000000000003,"timestamp":"2024-04-11 00:25:49"}]],"liquidations":[],"receive_time":1712791549.099,"_doc":"5e33ba18-af58-42a0-9c37-771b073f58af"},{"trades":[[{"side":"buy","price":70615.0,"quantity":0.01,"timestamp":"2024-04-11 00:25:49"}]],"liquidations":[],"receive_time":1712791549.018,"_doc":"d34ebed9-504a-4d0d-828d-10a33bc74820"},{"trades":[[{"side":"buy","price":70609.6,"quantity":0.01,"timestamp":"2024-04-11 00:25:48"}]],"liquidations":[],"receive_time":1712791548.997,"_doc":"859607db-a7bb-421d-80bd-a289d0118dd2"},{"trades":[[{"side":"buy","price":70616.1,"quantity":0.1232013662606686,"timestamp":"2024-04-11 00:25:48"}]],"liquidations":[],"receive_time":1712791548.986,"_doc":"a46bc767-8fc8-4155-9ab9-c883c6195a37"},{"trades":[[{"side":"buy","price":70616.1,"quantity":0.13877855050052323,"timestamp":"2024-04-11 00:25:48"}]],"liquidations":[],"receive_time":1712791548.979,"_doc":"70711d8e-07d5-4e68-a548-b584082a365f"},{"trades":[[{"side":"buy","price":70609.5,"quantity":0.31,"timestamp":"2024-04-11 00:25:48"}]],"liquidations":[],"receive_time":1712791548.979,"_doc":"94ec467f-f4d2-48bb-846a-8f817bfea230"},{"trades":[[{"side":"buy","price":70616.1,"quantity":0.42624840510874995,"timestamp":"2024-04-11 00:25:48"}]],"liquidations":[],"receive_time":1712791548.979,"_doc":"ca199cc4-f2cf-44f5-af74-23b186ac33ee"},{"trades":[[{"side":"buy","price":70606.5,"quantity":0.0051,"timestamp":"2024-04-11 00:25:48"}]],"liquidations":[],"receive_time":1712791548.979,"_doc":"b4d202a8-65df-46df-9921-07a77631d432"},{"trades":[[{"side":"buy","price":70609.3,"quantity":0.21,"timestamp":"2024-04-11 00:25:48"}]],"liquidations":[],"receive_time":1712791548.977,"_doc":"72d84e17-eb3d-4820-974e-70731d706733"},{"trades":[[{"side":"buy","price":70609.2,"quantity":0.06,"timestamp":"2024-04-11 00:25:48"}]],"liquidations":[],"receive_time":1712791548.977,"_doc":"26b21f5a-84d4-445c-972d-896bd044f5aa"},{"trades":[[{"side":"buy","price":70608.9,"quantity":0.06,"timestamp":"2024-04-11 00:25:48"}]],"liquidations":[],"receive_time":1712791548.977,"_doc":"60855e64-742d-489a-a4b4-f6023fb5c82a"},{"trades":[[{"side":"buy","price":70608.6,"quantity":0.52,"timestamp":"2024-04-11 00:25:48"}]],"liquidations":[],"receive_time":1712791548.977,"_doc":"eb1d1a26-f023-45b2-ba78-117f29a95650"},{"trades":[[{"side":"buy","price":70608.2,"quantity":0.75,"timestamp":"2024-04-11 00:25:48"}]],"liquidations":[],"receive_time":1712791548.977,"_doc":"32836fba-8204-4222-a19d-6be28b9f8731"},{"trades":[[{"side":"buy","price":70607.9,"quantity":0.88,"timestamp":"2024-04-11 00:25:48"}]],"liquidations":[],"receive_time":1712791548.977,"_doc":"ba5a1276-e8ad-48c2-a880-2f805fb6d4b4"},{"trades":[[{"side":"buy","price":70607.5,"quantity":0.01,"timestamp":"2024-04-11 00:25:48"}]],"liquidations":[],"receive_time":1712791548.977,"_doc":"34b208f3-3bef-4420-b3cd-b32f9cb1ef31"},{"trades":[[{"side":"buy","price":70606.0,"quantity":0.04,"timestamp":"2024-04-11 00:25:48"}]],"liquidations":[],"receive_time":1712791548.977,"_doc":"8293f972-4193-4dd6-97fd-dbdef027c74b"},{"trades":[[{"side":"buy","price":70605.5,"quantity":2.39,"timestamp":"2024-04-11 00:25:48"}]],"liquidations":[],"receive_time":1712791548.977,"_doc":"0202421b-5327-4013-b57e-09cdbedbee26"},{"trades":[[{"side":"buy","price":70605.5,"quantity":2.02,"timestamp":"2024-04-11 00:25:48"}]],"liquidations":[],"receive_time":1712791548.977,"_doc":"a49ab8ff-39e0-4b34-bd3e-0475169bd992"},{"trades":[[{"side":"buy","price":70606.5,"quantity":0.0041,"timestamp":"2024-04-11 00:25:48"}]],"liquidations":[],"receive_time":1712791548.977,"_doc":"642016a9-e612-460f-bae6-d6cca3d2b553"},{"trades":[[{"side":"buy","price":70605.9,"quantity":0.07200000000000001,"timestamp":"2024-04-11 00:25:48"}]],"liquidations":[],"receive_time":1712791548.977,"_doc":"d5d1d827-95bd-4e3e-b9ea-9a5a898d648a"},{"trades":[[{"side":"buy","price":70603.5,"quantity":0.0736,"timestamp":"2024-04-11 00:25:48"}]],"liquidations":[],"receive_time":1712791548.977,"_doc":"18e8b661-ada1-4def-955f-374c66817797"},{"trades":[[{"side":"buy","price":70603.4,"quantity":0.0146,"timestamp":"2024-04-11 00:25:48"}]],"liquidations":[],"receive_time":1712791548.977,"_doc":"2cb2a255-7d0e-45c5-88a0-26bbfbff841a"},{"trades":[[{"side":"buy","price":70600.2,"quantity":0.0051,"timestamp":"2024-04-11 00:25:48"}]],"liquidations":[],"receive_time":1712791548.977,"_doc":"9c1d082c-4f19-47bf-9235-a1aa70a8a43f"},{"trades":[[{"side":"buy","price":70600.2,"quantity":0.14700000000000002,"timestamp":"2024-04-11 00:25:48"}]],"liquidations":[],"receive_time":1712791548.977,"_doc":"ed1fc28b-bf7d-4435-9e5c-5b94f43f6325"},{"trades":[[{"side":"sell","price":70605.4,"quantity":0.01,"timestamp":"2024-04-11 00:25:48"}]],"liquidations":[],"receive_time":1712791548.871,"_doc":"ed4ca6b8-3a9f-4dda-b3bb-cffdfedf7e64"},{"trades":[[{"side":"buy","price":70616.1,"quantity":0.20108728745994184,"timestamp":"2024-04-11 00:25:47"}]],"liquidations":[],"receive_time":1712791547.593,"_doc":"1c49b4d4-918d-4ed9-a98e-e47e292fa1d2"},{"trades":[[{"side":"sell","price":70605.4,"quantity":0.01,"timestamp":"2024-04-11 00:25:47"}]],"liquidations":[],"receive_time":1712791547.301,"_doc":"531492bf-e6d8-4f3d-a151-9bf24bcb60df"},{"trades":[[{"side":"buy","price":70605.5,"quantity":0.03,"timestamp":"2024-04-11 00:25:46"}]],"liquidations":[],"receive_time":1712791546.439,"_doc":"eacf0ddc-0ed7-40a0-8eff-07f4d1f6b194"},{"trades":[[{"side":"sell","price":70619.8,"quantity":0.08354597435846604,"timestamp":"2024-04-11 00:25:45"}]],"liquidations":[],"receive_time":1712791545.836,"_doc":"439875fe-2ea8-42c8-842e-740136b2852e"},{"trades":[[{"side":"buy","price":70605.5,"quantity":0.05,"timestamp":"2024-04-11 00:25:45"}]],"liquidations":[],"receive_time":1712791545.828,"_doc":"3036b29f-c953-4a3e-9ddd-50b8880524bf"},{"trades":[[{"side":"sell","price":70608.5,"quantity":0.02,"timestamp":"2024-04-11 00:25:45"}]],"liquidations":[],"receive_time":1712791545.818,"_doc":"03c01c32-c5bf-4356-bda0-76456aea1af6"},{"trades":[[{"side":"sell","price":70609.5,"quantity":0.02,"timestamp":"2024-04-11 00:25:45"}]],"liquidations":[],"receive_time":1712791545.818,"_doc":"9ec77660-ea3c-49e3-9f44-d1c7ab013a55"},{"trades":[[{"side":"sell","price":70619.9,"quantity":0.42197737464935525,"timestamp":"2024-04-11 00:25:45"}]],"liquidations":[],"receive_time":1712791545.805,"_doc":"5b5d5c36-93a6-444b-80ae-c5311f510f77"},{"trades":[[{"side":"sell","price":70610.0,"quantity":0.01,"timestamp":"2024-04-11 00:25:45"}]],"liquidations":[],"receive_time":1712791545.793,"_doc":"307b9d9e-23de-4f24-a584-3023a2469b23"},{"trades":[[{"side":"sell","price":70610.2,"quantity":0.02,"timestamp":"2024-04-11 00:25:45"}]],"liquidations":[],"receive_time":1712791545.793,"_doc":"455b7e78-6c82-4f15-a2b9-ff9be9b0207e"},{"trades":[[{"side":"sell","price":70613.1,"quantity":0.01,"timestamp":"2024-04-11 00:25:45"}]],"liquidations":[],"receive_time":1712791545.793,"_doc":"1900caf4-f0ae-44bd-bdcf-2a858ec81f7f"},{"trades":[[{"side":"sell","price":70614.6,"quantity":0.02,"timestamp":"2024-04-11 00:25:45"}]],"liquidations":[],"receive_time":1712791545.789,"_doc":"175ffd14-dede-490c-b716-3a7266838d47"},{"trades":[[{"side":"sell","price":70614.6,"quantity":1.1300000000000001,"timestamp":"2024-04-11 00:25:45"}]],"liquidations":[],"receive_time":1712791545.789,"_doc":"27ce28f7-b91e-45ea-ba20-aab8b75abc54"},{"trades":[[{"side":"buy","price":70614.7,"quantity":0.08,"timestamp":"2024-04-11 00:25:44"}]],"liquidations":[],"receive_time":1712791544.499,"_doc":"5210cb38-0d9b-413b-be3c-aa62df31003c"},{"trades":[[{"side":"buy","price":70614.7,"quantity":0.12,"timestamp":"2024-04-11 00:25:43"}]],"liquidations":[],"receive_time":1712791543.915,"_doc":"90d2d5a0-ae7e-43e4-962a-28d30dedbc24"},{"trades":[[{"side":"buy","price":70614.7,"quantity":0.63,"timestamp":"2024-04-11 00:25:42"}]],"liquidations":[],"receive_time":1712791542.124,"_doc":"8999b705-064f-44dd-81a2-8b51760beee0"},{"trades":[[{"side":"sell","price":70614.6,"quantity":0.7000000000000001,"timestamp":"2024-04-11 00:25:42"}]],"liquidations":[],"receive_time":1712791542.057,"_doc":"9437c56f-0fe1-4bcd-b06c-2829173feba9"},{"trades":[[{"side":"sell","price":70614.6,"quantity":0.01,"timestamp":"2024-04-11 00:25:41"}]],"liquidations":[],"receive_time":1712791541.107,"_doc":"d0b15f3b-d116-49d7-a22b-2c3fb865dfa1"},{"trades":[[{"side":"sell","price":70614.6,"quantity":0.01,"timestamp":"2024-04-11 00:25:40"}]],"liquidations":[],"receive_time":1712791540.145,"_doc":"ba949c66-4406-4ba0-87de-212ccb30d082"},{"trades":[[{"side":"sell","price":70614.6,"quantity":0.01,"timestamp":"2024-04-11 00:25:39"}]],"liquidations":[],"receive_time":1712791539.848,"_doc":"4a8d5342-a526-4ace-838e-12a42bdcc9ec"},{"trades":[[{"side":"buy","price":70610.2,"quantity":0.01,"timestamp":"2024-04-11 00:25:36"}]],"liquidations":[],"receive_time":1712791536.568,"_doc":"ab47d85f-1a96-46d6-a5de-aa48d149fa42"},{"trades":[[{"side":"buy","price":70606.4,"quantity":0.01,"timestamp":"2024-04-11 00:25:36"}]],"liquidations":[],"receive_time":1712791536.555,"_doc":"96aad3c2-9861-418c-9c74-f4d3251b176f"},{"trades":[[{"side":"buy","price":70605.4,"quantity":0.01,"timestamp":"2024-04-11 00:25:36"}]],"liquidations":[],"receive_time":1712791536.547,"_doc":"616fe838-22ab-416a-8781-5e2297f0dc40"},{"trades":[[{"side":"buy","price":70605.0,"quantity":0.18,"timestamp":"2024-04-11 00:25:36"}]],"liquidations":[],"receive_time":1712791536.539,"_doc":"a2ff08e0-203e-4110-922a-45cc120bd4f3"},{"trades":[[{"side":"buy","price":70605.0,"quantity":0.5700000000000001,"timestamp":"2024-04-11 00:25:36"}]],"liquidations":[],"receive_time":1712791536.486,"_doc":"f38adc40-9b1a-4a6e-97da-0bd404184f1a"},{"trades":[[{"side":"sell","price":70604.9,"quantity":0.01,"timestamp":"2024-04-11 00:25:35"}]],"liquidations":[],"receive_time":1712791535.941,"_doc":"3f32202b-75da-4848-a2f4-787aed53295f"},{"trades":[[{"side":"sell","price":70604.9,"quantity":0.06,"timestamp":"2024-04-11 00:25:35"}]],"liquidations":[],"receive_time":1712791535.736,"_doc":"1ee68431-038c-4fab-94ee-a03ac0419495"},{"trades":[[{"side":"buy","price":70605.0,"quantity":0.03,"timestamp":"2024-04-11 00:25:33"}]],"liquidations":[],"receive_time":1712791533.29,"_doc":"ea7e0c6f-1675-4aa9-8146-aaffe11029d4"},{"trades":[[{"side":"sell","price":70604.9,"quantity":0.01,"timestamp":"2024-04-11 00:25:32"}]],"liquidations":[],"receive_time":1712791532.805,"_doc":"3edb0abb-a4d8-4066-8c99-c5a93d38d1e1"},{"trades":[[{"side":"sell","price":70604.9,"quantity":0.06,"timestamp":"2024-04-11 00:25:32"}]],"liquidations":[],"receive_time":1712791532.8,"_doc":"af2cf925-0aab-4944-beb3-619dd79bbb87"},{"trades":[[{"side":"buy","price":70603.4,"quantity":0.01,"timestamp":"2024-04-11 00:25:32"}]],"liquidations":[],"receive_time":1712791532.577,"_doc":"af0dac4d-11bf-4fb1-8284-336a69df4adc"},{"trades":[[{"side":"buy","price":70603.3,"quantity":0.07,"timestamp":"2024-04-11 00:25:32"}]],"liquidations":[],"receive_time":1712791532.577,"_doc":"d2746dda-b28c-4a58-87e7-c40aeb431c67"},{"trades":[[{"side":"buy","price":70603.3,"quantity":0.02,"timestamp":"2024-04-11 00:25:32"}]],"liquidations":[],"receive_time":1712791532.536,"_doc":"36a02a60-958d-4cc1-b020-06b8685823a1"},{"trades":[[{"side":"sell","price":70611.9,"quantity":0.10338200784853545,"timestamp":"2024-04-11 00:25:31"}]],"liquidations":[],"receive_time":1712791531.664,"_doc":"cdc03b25-b467-4dee-98b8-b0838b614985"},{"trades":[[{"side":"sell","price":70603.2,"quantity":0.22,"timestamp":"2024-04-11 00:25:30"}]],"liquidations":[],"receive_time":1712791530.481,"_doc":"3931b9ee-214f-499e-9db2-27aae42ef491"},{"trades":[[{"side":"sell","price":70603.2,"quantity":0.01,"timestamp":"2024-04-11 00:25:30"}]],"liquidations":[],"receive_time":1712791530.414,"_doc":"cb5c43e4-a571-4a83-9493-ffdd236a8181"},{"trades":[[{"side":"buy","price":70608.7,"quantity":0.021243841056413727,"timestamp":"2024-04-11 00:25:29"}]],"liquidations":[],"receive_time":1712791529.995,"_doc":"8da04e1e-b0c9-4050-b224-934200d5d188"},{"trades":[[{"side":"buy","price":70608.0,"quantity":0.2804214819850442,"timestamp":"2024-04-11 00:25:29"}]],"liquidations":[],"receive_time":1712791529.995,"_doc":"9bbfa9d1-1992-42b8-ab17-fbdb4f2e5c38"},{"trades":[[{"side":"buy","price":70596.1,"quantity":0.07200000000000001,"timestamp":"2024-04-11 00:25:29"}]],"liquidations":[],"receive_time":1712791529.866,"_doc":"5a0f2b3e-5388-4cac-aa9e-e2faaec0a7f7"},{"trades":[[{"side":"buy","price":70599.7,"quantity":0.16,"timestamp":"2024-04-11 00:25:29"}]],"liquidations":[],"receive_time":1712791529.865,"_doc":"83c5528a-5d11-4571-a6cb-e220ad8cf6b1"},{"trades":[[{"side":"buy","price":70599.7,"quantity":0.39,"timestamp":"2024-04-11 00:25:29"}]],"liquidations":[],"receive_time":1712791529.865,"_doc":"314399e2-90b1-4a96-b430-f32a00513357"},{"trades":[[{"side":"buy","price":70599.7,"quantity":0.08,"timestamp":"2024-04-11 00:25:29"}]],"liquidations":[],"receive_time":1712791529.865,"_doc":"6d2931a5-05e0-4016-b3df-213326db1681"},{"trades":[[{"side":"buy","price":70599.7,"quantity":0.34,"timestamp":"2024-04-11 00:25:29"}]],"liquidations":[],"receive_time":1712791529.864,"_doc":"c9ccbab0-a908-478b-9e03-43157c1384d9"},{"trades":[[{"side":"buy","price":70599.7,"quantity":0.16,"timestamp":"2024-04-11 00:25:29"}]],"liquidations":[],"receive_time":1712791529.864,"_doc":"671ad2cb-5468-40b3-90ab-df19c68f8201"},{"trades":[[{"side":"buy","price":70599.7,"quantity":0.18,"timestamp":"2024-04-11 00:25:29"}]],"liquidations":[],"receive_time":1712791529.863,"_doc":"8bbb31ab-363c-4755-92fe-098a59c9cfc4"},{"trades":[[{"side":"buy","price":70599.7,"quantity":0.27,"timestamp":"2024-04-11 00:25:29"}]],"liquidations":[],"receive_time":1712791529.863,"_doc":"50993cfc-801c-4fba-af06-662282079c56"},{"trades":[[{"side":"buy","price":70604.1,"quantity":0.2747715784210832,"timestamp":"2024-04-11 00:25:29"}]],"liquidations":[],"receive_time":1712791529.817,"_doc":"c3613c2f-7060-4fef-b448-ec23304cf837"},{"trades":[[{"side":"buy","price":70596.4,"quantity":0.4,"timestamp":"2024-04-11 00:25:29"}]],"liquidations":[],"receive_time":1712791529.813,"_doc":"9c2ccfa2-ee64-496f-a36e-4e299146eeef"},{"trades":[[{"side":"sell","price":70596.3,"quantity":0.01,"timestamp":"2024-04-11 00:25:29"}]],"liquidations":[],"receive_time":1712791529.127,"_doc":"54770a82-49ae-44a3-94e0-c9278c2cde37"},{"trades":[[{"side":"buy","price":70596.4,"quantity":0.04,"timestamp":"2024-04-11 00:25:28"}]],"liquidations":[],"receive_time":1712791528.295,"_doc":"fcc6e67d-7852-46fa-a500-8650f571c0ff"}]