[{"receive_time":1712791554.004,"timestamp":"2024-04-11 00:25:54","asks":[[70613.7,0.0],[70638.0,0.44752215],[70639.2,0.0],[70641.1,3.99264123],[70705.4,0.49],[70721.1,0.0],[70721.7,0.08490755],[70833.0,0.0003996]],"bids":[[70605.8,0.64156171],[70604.1,0.0],[70602.7,0.01698006]],"_doc":"9374087a-7fdf-4742-8300-507000b3aac8"},{"receive_time":1712791553.904,"timestamp":"2024-04-11 00:25:53","asks":[[70641.2,0.04734827],[70653.8,0.7],[70655.1,0.0],[70679.3,0.0],[70679.5,0.02],[70682.1,0.04244357],[70710.4,0.04244357],[70738.7,0.04244357],[70833.0,0.0],[70833.2,0.0],[70833.3,0.0]],"bids":[[70512.4,0.0572008],[70484.2,0.04244357],[70454.6,0.0]],"_doc":"239f3504-728e-4c65-a0bd-12271d682680"},{"receive_time":1712791553.804,"timestamp":"2024-04-11 00:25:53","asks":[[70613.2,0.00136098],[70613.3,0.00635127],[70670.2,0.40356],[70679.0,0.0],[70679.1,0.0],[70679.3,0.02],[70679.6,0.02],[70698.5,0.0],[70726.8,0.0]],"bids":[[70500.5,0.0],[70477.5,0.00617143],[70472.3,0.00243119],[70454.6,0.08486828]],"_doc":"207b668e-b98e-467d-8077-bf243bf3bfbd"},{"receive_time":1712791553.704,"timestamp":"2024-04-11 00:25:53","asks":[[70678.9,0.0],[70679.1,0.02],[70722.0,0.0],[70734.0,0.08485879],[70750.3,0.0001335],[70762.3,0.08485879],[70833.5,0.0]],"bids":[[70602.5,0.0],[70600.8,0.00469801],[70522.5,5.24e-05],[70522.2,0.00030746],[70507.7,0.16888529],[70495.8,0.0],[70488.5,0.08491247],[70480.2,0.08490034],[70479.4,0.23081319],[70476.6,0.08488402],[70468.3,0.0],[70467.6,0.0]],"_doc":"d99e6797-04d4-40a1-9f22-66ac87659f32"},{"receive_time":1712791553.604,"timestamp":"2024-04-11 00:25:53","asks":[[70610.8,0.14910487],[70611.2,0.0],[70611.3,0.0],[70613.1,0.0],[70632.1,0.0],[70632.6,0.0],[70678.9,0.02],[70679.0,0.02],[70679.3,0.0],[70679.4,0.0],[70690.0,0.37854818],[70737.6,0.0],[70749.5,0.08487416],[70833.0,0.0003996],[70833.2,0.00111237],[70833.3,0.00158621],[70833.5,8.758e-05]],"bids":[[70605.8,0.25840839],[70602.5,0.00469801],[70597.0,0.0],[70520.4,0.08487416],[70508.5,0.0],[70492.1,0.08487416],[70484.0,0.08490262],[70481.2,0.08489241],[70480.2,0.0],[70472.1,0.08697905],[70463.9,0.41987416],[70454.6,0.0],[70454.5,0.0]],"_doc":"2bb60196-a095-4d25-bef1-541bebc0589c"},{"receive_time":1712791553.504,"timestamp":"2024-04-11 00:25:53","asks":[[70626.6,0.02217755],[70626.9,0.0],[70628.2,0.17623371],[70675.6,0.0],[70679.3,0.02],[70687.2,0.169762],[70705.4,0.57489313],[70713.3,0.0],[70725.3,0.08486924],[70741.6,0.0],[70753.6,0.08486924]],"bids":[[70605.8,0.26060397],[70534.3,0.08486924],[70522.4,0.0],[70506.0,0.08486924],[70503.6,0.0],[70494.1,0.0],[70484.9,0.08489986],[70478.7,0.0],[70477.8,0.08518473],[70476.7,0.08533993],[70474.2,0.08490755],[70473.6,0.21760376],[70473.0,0.00043723],[70469.3,0.0],[70465.9,0.0],[70464.8,2.21e-05],[70462.3,0.0],[70454.7,0.00017443],[70454.6,0.08486828],[70454.5,0.01250637]],"_doc":"04db2e74-eea5-49b9-9f2d-96c207d315f8"},{"receive_time":1712791553.404,"timestamp":"2024-04-11 00:25:53","asks":[[70625.0,0.53981562],[70647.6,0.60000002],[70670.1,0.42470403],[70686.6,0.0],[70713.5,0.0],[70714.2,0.0],[70723.2,0.0],[70725.4,0.08486912],[70726.1,0.11885108],[70731.9,0.0],[70735.2,0.08489133],[70738.9,0.08485291],[70741.8,0.0],[70742.5,0.0],[70743.8,0.084881],[70753.7,0.08486912],[70754.4,0.08486828],[70767.2,0.08485291],[70833.0,0.0],[70833.2,0.0],[70833.3,0.0]],"bids":[[70581.7,0.52554189],[70533.1,0.08486912],[70531.6,0.08562528],[70528.7,0.04247911],[70528.4,0.0],[70526.8,0.28485291],[70521.2,0.0],[70519.7,0.0],[70515.2,0.08594477],[70511.1,0.08486828],[70504.8,0.08486912],[70503.3,0.084881],[70499.4,0.0],[70499.3,0.0],[70498.5,0.08485291],[70497.6,0.08489133],[70492.9,0.00142054],[70491.4,0.0],[70485.7,3.496e-05],[70482.8,0.08486828],[70476.6,0.1698108],[70475.1,0.084881],[70471.1,1.15614],[70470.3,0.08486294],[70469.4,0.08489133],[70464.7,0.0],[70463.2,0.0708],[70461.7,0.0],[70457.5,0.0],[70454.7,0.0]],"_doc":"86f5fb38-b7c2-4d28-8806-4ec856f1abea"},{"receive_time":1712791553.304,"timestamp":"2024-04-11 00:25:53","asks":[[70679.0,0.0],[70679.2,0.0],[70679.4,0.02],[70686.9,0.08488136],[70727.0,0.0],[70731.6,0.0],[70739.8,0.0],[70743.5,0.08489673],[70751.7,0.08487152],[70755.3,0.0],[70833.0,0.0003996],[70833.2,0.00111237],[70833.3,0.00158621]],"bids":[[70586.2,0.17623379],[70584.3,0.0],[70581.6,0.875903],[70542.1,0.0],[70540.3,1.48],[70528.6,0.08488136],[70516.7,0.08491247],[70514.9,0.0],[70500.3,0.08488136],[70490.1,0.23082592],[70488.4,0.0],[70486.6,1.097e-05],[70478.4,0.08628852],[70478.2,0.0],[70477.2,0.08493946],[70472.1,0.17189597],[70466.5,0.00015636],[70465.3,0.01418378],[70460.2,1.003e-05],[70458.4,3.237e-05]],"_doc":"7bfc5d1a-7a0d-4291-b186-d3d409a2371e"},{"receive_time":1712791553.204,"timestamp":"2024-04-11 00:25:53","asks":[],"bids":[[70594.8,0.04],[70584.3,0.17623406],[70528.7,0.04000628],[70528.4,0.00247284],[70454.5,0.0],[70454.1,0.0]],"_doc":"51c7f878-8bdf-413b-b410-0317765e6292"},{"receive_time":1712791553.104,"timestamp":"2024-04-11 00:25:53","asks":[[70644.8,0.0],[70657.2,0.0],[70665.1,0.08490755],[70665.3,0.0],[70666.5,0.0],[70666.7,0.0],[70669.8,0.0],[70670.5,0.70784],[70674.4,0.08489637],[70674.6,0.08489613],[70677.7,0.0996389],[70713.9,0.0],[70719.1,0.0],[70719.3,0.0],[70722.4,0.0],[70725.8,0.08490262],[70731.0,0.52275957],[70731.2,0.08489613],[70734.3,0.08489241],[70747.7,0.07082999],[70830.8,0.00016107],[70832.8,0.00224721]],"bids":[[70594.8,0.0],[70586.2,0.0],[70584.3,0.17623426],[70540.5,0.08490262],[70537.7,0.08489241],[70533.2,0.08489613],[70530.7,0.08490755],[70530.1,0.08489637],[70528.6,0.0],[70518.9,0.0],[70518.5,0.0021663],[70516.3,0.0],[70515.2,0.00128994],[70512.2,0.08490262],[70509.4,0.08489241],[70504.9,0.08489613],[70502.4,0.08490755],[70501.8,0.08489637],[70500.3,0.0],[70493.0,0.0],[70490.5,0.0],[70489.9,0.0],[70484.6,0.01458713],[70463.2,0.15569529],[70454.0,0.0],[70453.9,0.0],[70453.5,0.0],[70453.2,0.0]],"_doc":"ce42d575-c2ce-429a-ab33-c9babf0c05b6"},{"receive_time":1712791553.004,"timestamp":"2024-04-11 00:25:53","asks":[[70644.8,0.01474646],[70832.8,0.0]],"bids":[[70525.8,0.0],[70521.3,0.0],[70518.8,0.0],[70497.5,0.0],[70454.0,3.264e-05],[70453.9,0.00014193],[70453.5,1.252e-05],[70453.2,0.00307887]],"_doc":"be8c2895-db87-4c1f-ac4f-7286aa646fbb"},{"receive_time":1712791552.904,"timestamp":"2024-04-11 00:25:52","asks":[[70685.4,0.0],[70832.8,0.00224721]],"bids":[[70531.9,1.33222377],[70526.4,0.0],[70518.2,0.0],[70517.8,0.00062198],[70454.5,0.01250637],[70454.1,0.00047075]],"_doc":"d0a5a4b7-c3f3-4dca-8b11-62cd3e1698bd"},{"receive_time":1712791552.804,"timestamp":"2024-04-11 00:25:52","asks":[[70653.1,0.1459544],[70661.0,0.16982494],[70668.4,0.0],[70670.1,0.0],[70676.3,0.08489409],[70679.2,0.02],[70679.3,0.10489049],[70679.4,0.0],[70679.5,0.0],[70681.4,0.0],[70689.3,0.16982494],[70721.0,0.0],[70732.9,0.23084849],[70830.8,1e-05],[70830.9,0.08487824],[70831.0,0.00082899],[70831.8,2.269e-05]],"bids":[[70534.9,0.08489409],[70533.7,0.15276891],[70523.0,0.0],[70521.8,0.0],[70516.3,0.00128996],[70515.2,0.0],[70506.6,0.08493478],[70505.4,0.25036247],[70494.7,0.0],[70493.5,0.0],[70455.1,0.00022031],[70455.0,0.00481711],[70454.7,0.00017443]],"_doc":"38240200-151f-43d7-9eb7-f976d78baf0e"},{"receive_time":1712791552.704,"timestamp":"2024-04-11 00:25:52","asks":[[70663.2,0.0],[70671.1,0.08490034],[70715.8,0.0],[70727.7,0.08490034]],"bids":[[70586.2,0.17623392],[70584.3,0.0],[70536.7,0.08490034],[70524.8,0.0],[70508.4,0.08490034],[70496.5,0.0]],"_doc":"639b7b27-c39b-4072-8e2d-1a18bb8b4c37"},{"receive_time":1712791552.604,"timestamp":"2024-04-11 00:25:52","asks":[[70679.1,0.0],[70679.2,0.0],[70679.4,0.02],[70679.5,0.02]],"bids":[[70512.8,0.01934658],[70455.1,0.0]],"_doc":"802b55fc-37a5-4df4-83d1-48e5c66f54aa"},{"receive_time":1712791552.504,"timestamp":"2024-04-11 00:25:52","asks":[[70624.1,0.0212447],[70625.1,0.89969268],[70626.2,0.01],[70626.9,0.17623401],[70627.7,0.0],[70830.8,0.0]],"bids":[[70583.0,0.0],[70579.4,0.16293606],[70455.1,0.00022031]],"_doc":"ef4c9191-3d8a-494e-a35f-71bd0eff3d8d"},{"receive_time":1712791552.404,"timestamp":"2024-04-11 00:25:52","asks":[[70610.8,0.32426647],[70611.2,0.38021711],[70632.1,0.60000005],[70632.6,1.0],[70648.3,0.0],[70653.5,0.20100006],[70679.1,0.02],[70679.3,0.08489049],[70686.6,0.9873904],[70690.0,0.0],[70703.9,0.0],[70830.9,0.0],[70831.0,0.0]],"bids":[[70584.3,0.17623434],[70583.3,0.0],[70568.4,0.42354676],[70499.4,0.12363368],[70490.6,0.0],[70485.8,0.04091193],[70455.1,0.0]],"_doc":"54553434-1c5b-4c60-ae24-3eccc2575f2f"},{"receive_time":1712791552.304,"timestamp":"2024-04-11 00:25:52","asks":[[70610.8,0.1751616],[70611.2,0.04521711],[70647.7,0.2],[70647.9,1.0],[70648.0,0.0],[70831.8,0.0]],"bids":[[70587.0,0.0],[70585.7,0.0],[70455.5,0.547329],[70455.1,0.00022031]],"_doc":"92855111-ed61-436e-a431-fdd8667206b9"},{"receive_time":1712791552.204,"timestamp":"2024-04-11 00:25:52","asks":[[70678.1,1.24],[70832.8,0.0]],"bids":[[70557.2,0.0],[70553.1,1.416e-05],[70548.5,0.0],[70544.4,4.249e-05],[70512.5,0.04968005],[70478.7,0.00610988],[70455.5,0.0]],"_doc":"6cf7d1ed-138d-419a-a2df-d88f1ad4ea16"},{"receive_time":1712791552.104,"timestamp":"2024-04-11 00:25:52","asks":[[70610.8,0.32426641],[70611.2,0.38021711],[70623.6,0.0],[70623.8,0.0],[70624.6,0.0],[70627.7,0.0212447],[70632.2,0.424987],[70656.4,0.70784]],"bids":[[70605.8,0.17916308],[70583.0,0.0212447],[70579.1,0.0],[70541.1,0.02089629],[70455.1,0.0]],"_doc":"a31c46ac-a2b0-4802-9700-19e50bc00f85"},{"receive_time":1712791551.904,"timestamp":"2024-04-11 00:25:51","asks":[[70655.1,0.7],[70833.0,0.0]],"bids":[[70584.3,0.0],[70583.3,0.1762345],[70478.9,0.06680888]],"_doc":"d768489a-0b5e-4e8d-b3bc-52d79a0ce38f"},{"receive_time":1712791551.804,"timestamp":"2024-04-11 00:25:51","asks":[],"bids":[[70587.0,0.2],[70585.7,2.0],[70548.8,0.0],[70540.7,0.04244357],[70528.8,0.0],[70455.0,0.0]],"_doc":"405052ae-7b5a-40f8-9230-7e3059048447"},{"receive_time":1712791551.704,"timestamp":"2024-04-11 00:25:51","asks":[],"bids":[[70594.8,0.08],[70586.2,0.0],[70584.3,0.17623441],[70454.7,0.0]],"_doc":"381e1b87-cafc-4912-b732-aa9dc74c8566"},{"receive_time":1712791551.604,"timestamp":"2024-04-11 00:25:51","asks":[[70613.1,0.004271],[70615.0,0.0],[70626.2,0.18623349],[70628.3,0.70784],[70679.2,0.02],[70679.5,0.0],[70738.5,0.0],[70742.3,1.416e-05],[70747.3,0.0],[70751.1,4.249e-05],[70833.2,0.0]],"bids":[[70605.8,0.18355433],[70597.0,0.01077848],[70594.8,0.0],[70586.2,0.17623349],[70584.3,0.0],[70557.2,1.416e-05],[70548.5,4.249e-05],[70540.9,0.0],[70532.2,0.0]],"_doc":"7413396e-20b5-4ac7-bbf1-3cb78d8b6fff"},{"receive_time":1712791551.504,"timestamp":"2024-04-11 00:25:51","asks":[[70610.8,0.1751616],[70610.9,0.0652],[70611.2,0.04521711],[70613.0,0.0],[70628.2,0.0],[70833.0,0.0003996],[70833.2,0.00111237]],"bids":[[70605.8,0.33977531],[70596.5,0.0],[70515.2,0.00129002],[70515.0,0.0],[70500.0,0.24037282],[70454.7,0.00017443]],"_doc":"d1c44c15-bb71-4690-8529-71487856dc7f"},{"receive_time":1712791551.404,"timestamp":"2024-04-11 00:25:51","asks":[[70605.9,0.74151466],[70609.2,0.11411868],[70628.1,0.0],[70628.2,0.70784],[70632.5,0.0],[70648.0,0.53554133],[70670.1,0.26760652],[70679.1,0.0],[70679.2,0.0],[70679.3,0.10489049],[70679.5,0.02],[70686.2,0.0],[70690.0,0.37212677]],"bids":[[70580.1,0.20100003],[70550.6,0.20100004],[70517.8,0.09613973],[70500.7,0.0],[70490.6,0.54718046],[70454.7,0.0],[70454.5,0.0]],"_doc":"db9f92cb-47a6-4297-a47c-550a4015b023"},{"receive_time":1712791551.304,"timestamp":"2024-04-11 00:25:51","asks":[[70827.9,0.0],[70832.8,0.00224721]],"bids":[],"_doc":"159d8ea5-cc67-4f0b-86aa-729acf822c3d"},{"receive_time":1712791551.204,"timestamp":"2024-04-11 00:25:51","asks":[[70619.3,0.0],[70654.4,0.00015107],[70830.8,0.00016107]],"bids":[[70522.5,0.00035986],[70515.1,0.14109139],[70454.1,0.0]],"_doc":"a455c0f8-2504-4c42-b743-84e64a48c2de"},{"receive_time":1712791551.104,"timestamp":"2024-04-11 00:25:51","asks":[[70642.2,0.70784],[70832.8,0.0]],"bids":[[70573.8,0.51279],[70571.4,0.0]],"_doc":"4d63f8ac-d0a9-44be-ad4b-eb4bcbeb59f1"},{"receive_time":1712791551.004,"timestamp":"2024-04-11 00:25:51","asks":[[70610.8,0.35426641],[70611.2,0.38021711],[70679.1,0.02],[70679.2,0.02],[70679.8,0.0275892],[70679.9,0.0],[70738.3,0.0],[70738.5,1.416e-05],[70747.0,0.0],[70747.3,4.249e-05],[70833.0,0.0]],"bids":[],"_doc":"939b8abd-1793-4bb0-bbc3-976a87642f9b"},{"receive_time":1712791550.904,"timestamp":"2024-04-11 00:25:50","asks":[[70646.0,0.0],[70833.0,0.0003996]],"bids":[[70594.8,0.08],[70526.4,0.67],[70522.2,0.0],[70454.0,0.0]],"_doc":"4f59ec41-2ecd-4808-87ca-a92835d8cdee"},{"receive_time":1712791550.804,"timestamp":"2024-04-11 00:25:50","asks":[[70605.9,0.76671466],[70610.8,0.1751616],[70610.9,0.1152],[70626.2,0.18623461],[70627.8,0.0],[70628.1,0.70784],[70711.5,0.0],[70723.4,0.08487152]],"bids":[[70604.2,0.0283],[70598.9,0.0],[70596.5,0.01077848],[70595.7,0.0],[70594.8,0.0],[70575.8,0.0],[70575.5,0.0],[70565.8,0.02884372],[70542.1,0.89271381],[70518.4,1.20711187],[70506.5,0.0],[70461.9,0.08487152],[70459.2,0.0],[70454.1,0.00047075],[70454.0,3.264e-05]],"_doc":"626c39e6-c2c2-4325-ba2b-52373a1f9b12"},{"receive_time":1712791550.704,"timestamp":"2024-04-11 00:25:50","asks":[[70637.6,0.0],[70657.3,0.14453519],[70660.0,0.0116233],[70670.0,0.0],[70679.1,0.0],[70679.4,0.0],[70679.8,0.0475892],[70679.9,0.02],[70689.7,0.0],[70831.8,2.269e-05],[70832.8,0.00224721]],"bids":[[70598.9,0.16],[70595.7,0.01077848],[70594.9,0.0],[70577.3,0.14169555],[70563.6,0.0],[70464.5,0.01478564],[70454.1,0.0],[70454.0,0.0]],"_doc":"a31ba433-60ed-4c75-8a8c-44a8684414c4"},{"receive_time":1712791550.604,"timestamp":"2024-04-11 00:25:50","asks":[[70632.5,1.0],[70663.1,0.01474674],[70670.0,0.01162167],[70679.0,0.08489085],[70679.4,0.02],[70689.7,0.02758533],[70831.8,0.0],[70832.8,0.0],[70833.0,0.0],[70833.2,0.0],[70833.3,0.0]],"bids":[[70605.8,0.18355433],[70598.1,0.0],[70594.8,0.08],[70478.9,0.07291875],[70459.6,0.0],[70454.0,3.264e-05]],"_doc":"4dfef276-13d8-4734-959a-96ba3acc7015"},{"receive_time":1712791550.504,"timestamp":"2024-04-11 00:25:50","asks":[[70613.8,0.0283],[70627.7,0.0],[70627.8,0.70784],[70638.1,0.1459544],[70652.8,0.0],[70676.0,0.0],[70833.3,0.00158621]],"bids":[[70599.4,0.0283],[70594.8,0.0]],"_doc":"ec0dbeb5-895c-4d20-b082-4863d9898c54"},{"receive_time":1712791550.404,"timestamp":"2024-04-11 00:25:50","asks":[[70638.1,0.16070114],[70654.4,0.0],[70830.8,1e-05],[70833.2,0.00111237]],"bids":[[70522.5,5.24e-05]],"_doc":"0ca25f83-18e1-4c09-8092-cfb6fce466e5"},{"receive_time":1712791550.304,"timestamp":"2024-04-11 00:25:50","asks":[[70627.7,0.70784],[70638.0,2.38448388],[70661.6,0.71357724],[70665.4,0.0],[70679.0,0.10489085],[70679.1,0.02],[70679.4,0.0],[70679.5,0.0],[70684.9,0.71882409],[70703.9,0.39862572],[70707.3,0.0]],"bids":[[70586.1,0.32839744],[70554.6,0.29006405],[70503.6,0.11047507],[70467.7,0.0],[70454.0,0.0],[70453.9,0.0]],"_doc":"d468f34b-f471-4b8e-9eea-a11a68dba2d7"},{"receive_time":1712791550.204,"timestamp":"2024-04-11 00:25:50","asks":[[70605.9,0.82341466],[70627.5,0.0],[70628.3,0.0],[70662.9,0.0],[70831.8,2.269e-05],[70832.8,0.00224721],[70833.0,0.0003996]],"bids":[[70602.6,0.0283],[70594.6,0.0283],[70593.4,0.04],[70565.0,0.0046],[70453.5,0.0],[70453.2,0.0],[70452.4,0.0]],"_doc":"c3ed4d98-4c06-4bf4-bf69-63f826cb82ae"},{"receive_time":1712791550.104,"timestamp":"2024-04-11 00:25:50","asks":[[70627.5,0.70784],[70781.2,0.0],[70782.3,0.2],[70831.8,0.0]],"bids":[[70598.1,0.2],[70571.4,0.006],[70539.7,0.0],[70519.1,0.0],[70518.9,0.00216636]],"_doc":"14d0d5f5-34d8-483e-8be1-360eed2b5a46"},{"receive_time":1712791550.004,"timestamp":"2024-04-11 00:25:50","asks":[[70635.5,0.02396276],[70639.2,4.06737346],[70645.0,0.0],[70679.4,0.02],[70679.5,0.02],[70680.7,0.0],[70680.8,0.0],[70832.8,0.0]],"bids":[[70592.7,0.0166626],[70452.3,0.0]],"_doc":"ad3fe1a6-f442-420a-85f1-e9f88374a365"},{"receive_time":1712791549.904,"timestamp":"2024-04-11 00:25:49","asks":[[70609.0,0.0283],[70642.3,0.0],[70645.0,4.06737346],[70829.9,0.0]],"bids":[[70604.1,0.04212003],[70593.0,0.0283],[70590.3,0.1566809],[70452.0,0.0],[70451.1,0.0]],"_doc":"1041560c-e369-4316-95fe-62d08abb6305"},{"receive_time":1712791549.804,"timestamp":"2024-04-11 00:25:49","asks":[[70605.9,0.86819466],[70614.7,0.158898],[70615.0,0.1094658],[70642.3,4.06737346],[70645.0,0.0],[70654.4,0.00015107],[70659.8,0.0],[70662.9,0.00225175],[70665.3,0.05981859],[70830.8,0.00016107],[70833.0,0.0]],"bids":[[70605.8,0.18574978],[70578.3,0.02113851],[70568.8,0.0],[70527.0,0.0],[70522.5,0.00035985],[70520.3,0.0],[70515.0,0.00129004],[70451.1,0.00063599]],"_doc":"23dc69da-971a-4504-9349-2f335580e32e"},{"receive_time":1712791549.704,"timestamp":"2024-04-11 00:25:49","asks":[[70608.3,0.0566731],[70609.2,0.1579749],[70609.8,0.0],[70610.5,0.0],[70611.2,0.04521711],[70612.9,0.0],[70617.9,0.18191999],[70618.5,0.0],[70618.8,0.14161235],[70623.8,0.0212447],[70624.4,0.0],[70626.2,0.18623722],[70633.7,0.02156991],[70637.6,0.14157484],[70638.2,0.14157361],[70642.3,0.0],[70645.0,4.06737346],[70647.1,0.0],[70653.5,0.0],[70659.8,0.00015107],[70665.3,0.06207034],[70669.4,0.0],[70676.0,0.0275907],[70829.8,1.489e-05],[70833.2,0.0]],"bids":[[70605.8,0.22194978],[70602.7,0.0],[70602.6,0.0],[70601.4,0.0],[70601.1,0.08499035],[70599.8,0.14165045],[70598.8,0.00469801],[70596.5,0.0],[70594.9,0.01077848],[70594.8,0.08],[70594.6,0.0],[70586.0,0.547329],[70584.0,0.43749628],[70580.0,0.0702],[70579.1,0.0212447],[70575.5,0.51279],[70563.6,0.14172309],[70547.2,0.0],[70542.2,1.26290528],[70527.0,0.00030745],[70521.4,0.0],[70520.3,0.00128993],[70519.0,0.0],[70514.0,0.15304519],[70513.8,0.0],[70451.1,0.0]],"_doc":"de060159-14c7-495c-9d91-74109756bbba"},{"receive_time":1712791549.604,"timestamp":"2024-04-11 00:25:49","asks":[[70605.9,0.76671466],[70607.4,0.0283],[70608.0,0.0702],[70609.8,0.00771225],[70610.5,0.04478],[70610.6,0.0283],[70610.8,0.34984789],[70610.9,0.4502],[70611.2,0.00136089],[70611.3,0.00635082],[70613.0,0.004271],[70613.7,0.04385622],[70613.9,0.0],[70614.2,0.07288],[70614.7,0.3085352],[70615.0,0.547329],[70615.2,0.26483],[70616.4,0.04385622],[70618.8,0.0],[70618.9,0.3178],[70619.3,0.00349198],[70619.5,0.0141604],[70619.6,0.01730183],[70620.1,0.0],[70620.2,0.0],[70622.6,0.0],[70622.7,0.37076],[70623.3,0.0],[70623.9,0.0],[70624.4,0.094419],[70626.2,0.17623722],[70627.7,0.0],[70628.2,0.0],[70628.7,0.0],[70641.1,0.0],[70642.3,4.06737346],[70649.9,0.00106967],[70653.4,0.0],[70653.5,0.00015107],[70653.8,0.0],[70657.1,0.0],[70669.4,0.02759326],[70680.1,0.0],[70680.2,0.0],[70680.7,0.02],[70680.8,0.02],[70833.3,0.0],[70833.5,0.0],[70835.1,0.0],[70836.0,0.0],[70836.1,0.0],[70836.2,0.0],[70836.9,0.0],[70837.0,0.0],[70838.3,0.0],[70839.2,0.0],[70840.0,0.0],[70840.5,0.0]],"bids":[[70610.8,0.0],[70608.1,0.0],[70608.0,0.0],[70607.9,0.0],[70605.8,0.28724647],[70604.9,0.0],[70604.3,0.0],[70604.2,0.0],[70604.0,0.0702],[70602.7,0.01698004],[70602.6,0.0283],[70601.0,0.0283],[70600.2,0.0],[70599.1,0.0],[70598.0,0.20513077],[70597.7,0.0],[70597.3,0.1],[70596.8,0.335],[70596.5,0.01077848],[70595.5,0.01416519],[70594.8,0.0],[70594.6,0.0168003],[70587.6,0.0],[70586.7,0.0],[70586.0,0.1094658],[70584.3,0.17623722],[70583.1,0.0],[70572.9,0.0],[70569.1,0.05184543],[70555.2,0.0],[70555.1,0.0],[70534.7,0.0],[70533.0,0.0],[70530.4,0.00244036],[70528.7,0.04247916],[70527.1,0.01164619],[70524.1,0.0],[70521.7,0.0],[70519.1,0.00216627],[70515.7,0.0],[70454.7,0.00017443],[70454.5,0.01250637],[70454.1,0.00047075],[70454.0,3.264e-05],[70453.9,0.00014193],[70453.5,1.252e-05],[70453.2,0.00307887],[70452.4,0.1459544],[70452.3,0.335],[70452.0,0.08488845],[70451.1,0.00063599]],"_doc":"45dbbeff-5758-4e27-b56e-c2f9944c57c8"},{"receive_time":1712791549.504,"timestamp":"2024-04-11 00:25:49","asks":[[70610.9,1.13396514],[70612.2,0.0283],[70612.9,0.0566731],[70617.9,0.07008066],[70618.0,0.0],[70618.8,0.004271],[70621.1,0.3059544],[70622.9,0.26915],[70626.0,0.0],[70628.2,0.17622779],[70628.7,0.02124319],[70630.0,0.0],[70631.1,0.0],[70633.1,0.0],[70634.4,0.0],[70636.3,0.53829],[70639.4,0.0],[70645.1,0.2291],[70647.1,0.14155563],[70648.0,0.0],[70652.6,0.0],[70653.4,0.00015107],[70653.8,0.00106967],[70660.2,0.0],[70678.5,0.02136606],[70679.0,0.08489085],[70711.2,0.0],[70726.1,0.0339828],[70745.4,0.0],[70776.4,0.0],[70781.2,0.2],[70821.3,0.0],[70824.9,0.0],[70828.7,1.675e-05],[70829.8,0.00016596],[70839.2,0.00062148],[70840.0,0.01637319],[70840.5,0.00021636]],"bids":[[70610.8,0.05],[70609.0,0.0],[70608.1,0.08910004],[70608.0,0.0702],[70607.9,0.05],[70607.4,0.0],[70604.3,0.00469767],[70603.6,0.0],[70599.1,0.01416448],[70598.0,0.42625721],[70597.7,0.2],[70597.1,0.0],[70596.8,0.71],[70588.1,0.0],[70587.6,0.17622779],[70587.5,0.0],[70584.0,0.45873947],[70580.9,0.0],[70580.3,0.0],[70580.0,0.09117275],[70575.9,0.078682],[70569.4,0.0],[70547.2,1.1e-05],[70540.9,1.416e-05],[70535.5,0.2],[70534.7,0.00244034],[70533.0,0.00247288],[70531.9,0.66222377],[70531.2,1.19222],[70528.9,0.0],[70526.9,0.0],[70524.1,0.00216629],[70521.4,0.00030745],[70519.0,0.00709028],[70518.0,0.0],[70512.7,0.0],[70494.0,0.15275373],[70458.7,0.0],[70455.1,0.00022031],[70455.0,0.00481711]],"_doc":"a7873fd3-1dfe-494c-b852-962442091755"},{"receive_time":1712791549.404,"timestamp":"2024-04-11 00:25:49","asks":[[70604.8,0.0],[70605.8,0.0],[70607.4,0.0],[70608.0,0.0],[70610.9,0.35865138],[70611.0,0.01432962],[70611.5,0.0],[70612.3,0.0],[70613.9,0.06940693],[70614.0,0.0],[70614.1,0.0],[70614.6,0.0],[70614.9,0.0],[70615.4,0.0],[70616.4,0.0],[70616.7,0.00771171],[70617.8,0.0],[70618.0,0.016666],[70618.1,0.0],[70618.5,0.1168011],[70619.1,0.0],[70619.2,0.0],[70620.2,0.26483],[70621.6,0.0],[70622.6,0.01415978],[70622.9,0.0],[70623.3,0.14160351],[70623.9,0.3178],[70626.0,0.26915],[70627.7,0.37076],[70628.2,0.0],[70631.1,0.17622511],[70633.1,0.02124407],[70634.5,0.0],[70636.3,0.0],[70639.4,0.53829],[70639.8,0.0],[70641.1,4.14674587],[70641.6,0.0],[70642.4,0.1],[70646.2,0.1415576],[70648.0,0.00106968],[70652.0,0.0],[70652.6,0.00110217],[70657.1,0.14153577],[70660.4,0.0],[70711.2,0.01133017],[70720.6,0.08947488],[70726.1,0.0226552],[70835.1,0.00010722],[70836.0,1.004e-05],[70836.1,1e-05],[70836.2,2.577e-05],[70836.9,1.588e-05],[70837.0,0.02115],[70838.3,6.079e-05]],"bids":[[70610.8,0.13743313],[70609.0,0.0283],[70608.0,0.40694814],[70607.9,0.1067],[70607.4,0.0283],[70605.8,0.0283],[70604.9,0.14164009],[70604.7,0.0],[70604.3,0.000829],[70604.0,0.28605758],[70603.9,0.0],[70603.6,0.04],[70602.6,0.3633],[70601.4,0.04212007],[70601.0,0.0],[70598.0,0.41547873],[70597.1,0.01416487],[70596.9,0.0],[70593.8,0.00283311],[70592.4,0.0014],[70591.9,0.0],[70591.4,0.0],[70590.5,0.0],[70588.1,0.17622511],[70584.1,0.0],[70584.0,0.43749628],[70564.2,0.1459544],[70529.0,0.0],[70528.9,0.00244038],[70491.0,0.0],[70455.1,0.0],[70455.0,0.0],[70454.7,0.0],[70454.5,0.0]],"_doc":"5f0697b4-a8d9-4796-8ed2-13494a54d5b8"},{"receive_time":1712791549.304,"timestamp":"2024-04-11 00:25:49","asks":[[70610.9,0.08906613],[70614.1,0.27483],[70614.7,0.0],[70615.0,0.0],[70616.5,0.0],[70617.8,0.3178],[70618.1,0.01416068],[70619.1,0.04],[70620.2,0.0],[70621.6,0.37076],[70624.0,0.0],[70628.9,0.0],[70632.3,0.335],[70634.4,0.42471005],[70645.1,0.00120138],[70648.0,4.14781555],[70652.0,0.00110217],[70653.5,0.0],[70671.5,0.08489986],[70672.9,0.70815383],[70679.0,0.11248037],[70679.3,0.08489049],[70679.4,0.0],[70680.1,0.02],[70680.2,0.02],[70821.3,0.00120138],[70824.9,0.00106962],[70828.7,0.00111892],[70835.1,0.0],[70836.0,0.0],[70836.1,0.0],[70836.2,0.0],[70836.9,0.0]],"bids":[[70598.0,0.20513077],[70589.8,0.0],[70584.2,0.021247],[70580.6,0.0],[70568.3,0.70591122],[70555.2,0.88800002],[70551.0,0.0046],[70529.0,0.00244038],[70526.9,0.00247294],[70518.0,0.00216631],[70513.8,0.00129005],[70508.6,0.28824003],[70506.7,0.0],[70485.8,0.21438608],[70454.1,0.0],[70454.0,0.0],[70453.9,0.0],[70453.5,0.0],[70453.2,0.0],[70452.4,0.0]],"_doc":"98c18229-4356-465e-87a5-6e761eb564d7"},{"receive_time":1712791549.204,"timestamp":"2024-04-11 00:25:49","asks":[[70604.8,0.52966],[70605.8,0.0283],[70611.5,0.0566731],[70614.6,0.19573507],[70615.0,0.01416129],[70615.1,0.0],[70615.5,0.0],[70615.8,0.0],[70616.4,0.163169],[70616.5,0.26483],[70616.9,0.00566752],[70619.1,0.0],[70620.2,0.3178],[70623.6,0.27252221],[70623.9,0.0],[70624.0,0.37076],[70626.9,0.0],[70627.6,0.0],[70628.2,0.17623063],[70631.2,0.69804136],[70639.7,0.0],[70639.8,0.14157041],[70645.5,0.03881545],[70652.2,0.0],[70653.1,0.23087637],[70653.6,0.14154275],[70661.0,0.08491247],[70663.6,0.0],[70663.7,0.0],[70671.5,0.11249232],[70673.6,1.18025629],[70678.4,0.0],[70678.5,0.01676606],[70679.3,0.10489049],[70679.4,0.02],[70681.4,0.08492197],[70689.3,0.08491247],[70689.7,0.0],[70696.5,0.03149636],[70716.2,0.0],[70727.0,0.08486719],[70728.1,0.08489986],[70733.5,1.54615073],[70735.8,0.0],[70738.3,1.416e-05],[70747.0,4.249e-05],[70780.8,0.0],[70802.3,0.0198287],[70822.6,0.0],[70829.1,0.02353897],[70837.0,0.0],[70838.3,0.0],[70839.2,0.0],[70840.0,0.0],[70840.5,0.0],[70841.4,0.0]],"bids":[[70604.7,1.07998344],[70604.5,0.0],[70600.2,0.00469808],[70596.3,0.00469808],[70594.8,0.0566731],[70593.4,0.08],[70592.4,0.0],[70589.1,0.0],[70588.2,0.0],[70586.1,0.0],[70584.1,0.17623096],[70583.2,0.26915],[70581.8,0.0],[70571.4,0.0106],[70569.8,0.53829],[70568.8,0.02687912],[70568.4,0.0],[70545.0,0.08491247],[70542.3,0.0],[70541.4,0.08489986],[70533.1,0.0],[70529.5,0.00016126],[70516.7,0.16980812],[70513.1,0.08489986],[70509.1,0.0],[70509.0,0.0],[70505.2,1.003e-05],[70504.8,0.0],[70501.2,0.0],[70473.6,0.13270739],[70453.2,0.00307887],[70452.4,0.1459544]],"_doc":"38e66053-5b22-4eba-afe2-b7d4d07e2afb"},{"receive_time":1712791549.104,"timestamp":"2024-04-11 00:25:49","asks":[[70604.8,0.62591561],[70606.1,0.0],[70607.4,0.0283],[70609.6,0.0],[70610.3,0.0],[70610.7,0.0],[70610.9,0.05857312],[70612.3,0.00635137],[70614.0,0.11567813],[70614.6,0.04212006],[70614.8,0.1],[70614.9,0.00771237],[70615.1,0.01416128],[70615.4,0.335],[70615.5,0.00566752],[70615.8,0.04],[70615.9,0.0],[70617.5,0.0],[70617.7,0.0],[70618.3,0.0],[70619.0,0.0],[70619.1,0.09168995],[70619.2,0.14161166],[70619.8,0.20100004],[70620.1,0.07288],[70620.2,0.26483],[70622.7,0.0],[70622.9,0.26915],[70623.6,0.34540221],[70623.9,0.3178],[70624.6,0.424992],[70625.3,0.0],[70626.4,0.0],[70626.5,0.0],[70626.9,0.17622989],[70627.6,0.37076],[70627.7,0.0],[70628.3,0.32839748],[70628.4,0.00323352],[70629.2,0.0],[70630.2,0.04],[70630.4,0.11443468],[70631.7,0.0],[70631.9,0.0],[70632.3,0.35624506],[70634.0,0.0],[70634.1,0.0],[70634.5,0.70785],[70636.3,0.53829],[70645.2,0.0],[70645.4,0.0],[70645.9,0.0],[70646.1,0.0],[70648.1,0.43599],[70648.3,0.89256875],[70653.5,4.89074587],[70653.6,1.38154275],[70665.6,0.0],[70670.5,0.0],[70678.3,0.0],[70678.5,0.03676606],[70681.2,0.0],[70681.9,0.0840265],[70689.5,0.08487824],[70706.3,0.0],[70707.6,0.06],[70707.8,0.18],[70712.2,0.06],[70714.1,0.0],[70716.8,0.0],[70717.5,0.0],[70719.2,0.16001949],[70719.9,0.0],[70723.8,0.0113276],[70724.1,0.0],[70730.4,0.00435846],[70732.2,0.02],[70733.3,0.08],[70737.3,0.335],[70812.0,0.01416168],[70822.1,0.0]],"bids":[[70604.7,1.21956613],[70604.5,0.04],[70604.2,0.0283],[70604.0,0.08718],[70603.9,0.0383],[70603.7,0.0],[70603.6,0.09],[70602.4,0.0],[70602.3,0.0],[70601.4,0.06041452],[70601.0,0.14164785],[70600.5,0.0],[70598.3,0.0],[70598.0,0.44324224],[70597.9,0.0],[70596.9,0.01077848],[70596.8,0.7352],[70596.5,0.0],[70592.4,0.00283317],[70591.9,0.01416592],[70591.2,0.0],[70590.5,0.16],[70590.3,0.1000078],[70589.1,0.08],[70587.5,0.02124506],[70586.6,0.0],[70586.1,0.17622989],[70585.5,0.0],[70585.0,0.0],[70584.4,0.0],[70583.3,0.0],[70583.1,0.14168383],[70582.2,0.0],[70581.8,0.26915],[70580.9,0.30777606],[70580.7,0.0],[70580.3,0.51296],[70579.4,0.14169136],[70578.8,0.0],[70578.6,0.0],[70577.9,0.0],[70576.2,0.0],[70572.9,0.04541084],[70570.5,0.0],[70569.3,0.0],[70568.8,0.0],[70568.4,0.53829],[70567.8,0.0],[70565.2,0.0],[70564.2,0.0],[70563.9,0.0],[70560.2,0.0],[70556.9,0.0],[70540.9,2.516e-05],[70540.4,0.10503312],[70539.7,0.01305723],[70534.8,0.0],[70533.7,0.06785644],[70527.8,0.0],[70520.6,0.0],[70520.3,0.0],[70513.7,0.0],[70513.1,0.0],[70513.0,1.20030399],[70512.7,0.00709092],[70506.6,4.069e-05],[70485.5,0.0],[70456.1,4.218e-05],[70455.9,0.01347056],[70455.8,1.009e-05],[70455.5,0.547329],[70455.1,0.00022031],[70455.0,0.00481711],[70454.7,0.00017443],[70454.5,0.01250637],[70454.1,0.00047075],[70454.0,3.264e-05],[70453.9,0.00014193],[70453.5,1.252e-05]],"_doc":"f05d9fa6-b747-4c77-8bd7-2a06f27874c9"},{"receive_time":1712791549.004,"timestamp":"2024-04-11 00:25:49","asks":[[70596.9,0.0],[70597.8,0.0],[70598.2,0.0],[70598.4,0.0],[70599.3,0.0],[70599.4,0.0],[70600.0,0.0],[70601.0,0.0],[70602.4,0.0],[70602.6,0.0],[70602.7,0.0],[70603.0,0.0],[70603.1,0.0],[70603.7,0.0],[70603.9,0.0],[70604.0,0.0],[70604.2,0.0],[70604.6,0.0],[70605.0,0.0],[70605.8,0.0],[70606.0,0.0],[70606.2,0.0],[70606.7,0.0],[70606.8,0.0],[70607.2,0.0],[70607.4,0.0],[70607.6,0.0],[70609.0,0.0],[70609.1,0.0],[70609.2,0.0],[70609.9,0.0],[70610.5,0.0],[70610.7,0.01416216],[70611.0,0.01508336],[70611.6,0.0],[70613.4,0.0],[70613.7,0.0],[70613.9,0.0],[70614.6,0.0],[70615.0,0.0],[70616.0,0.0702],[70617.3,0.0],[70617.5,0.00323352],[70617.7,0.07288],[70618.0,0.0],[70618.1,0.0],[70618.3,0.26915],[70619.0,0.30062],[70619.3,0.01120488],[70619.8,0.0],[70622.7,0.36074],[70622.9,0.17625004],[70623.0,0.0],[70623.1,0.0],[70623.4,0.0],[70624.4,0.0],[70625.3,0.08],[70626.5,0.42087],[70628.3,0.76240898],[70628.6,0.01762645],[70629.2,0.02344523],[70629.5,0.547329],[70631.7,0.53829],[70634.0,0.08494914],[70638.2,0.0],[70639.9,0.0],[70642.7,0.0],[70645.2,4.14674587],[70648.3,0.92641245],[70649.1,0.0],[70653.1,0.31579834],[70653.2,0.0],[70654.7,0.86696753],[70657.2,0.08491704],[70657.3,0.003],[70659.2,0.0],[70659.6,0.0],[70662.5,0.0],[70662.7,0.0],[70663.2,0.08490983],[70663.6,0.08490935],[70664.4,0.0],[70665.8,0.0],[70666.5,0.08490587],[70666.6,0.0],[70666.7,0.08490563],[70667.5,0.61990466],[70668.4,0.08490358],[70669.8,0.0849019],[70670.1,0.0],[70675.0,0.0],[70675.3,0.0],[70676.9,0.08489337],[70677.4,0.0],[70678.3,0.02],[70678.4,0.02],[70678.8,0.0],[70679.0,0.08489085],[70679.3,0.08489049],[70679.4,0.0],[70681.0,0.0],[70681.4,0.16984394],[70681.5,0.0],[70683.2,0.0],[70685.2,0.0],[70685.5,0.08491704],[70685.6,0.0],[70685.9,0.0],[70686.2,1.20357604],[70687.2,0.084881],[70687.5,0.547329],[70687.9,0.0],[70689.5,0.14487824],[70690.7,0.10503312],[70690.8,0.0],[70691.0,0.0],[70691.5,0.08490983],[70691.9,0.08490935],[70692.7,0.0],[70693.7,0.01676245],[70694.1,0.0],[70694.9,0.0],[70695.3,0.08487128],[70695.5,0.08487104],[70695.8,0.54300466],[70696.1,0.08487032],[70698.7,0.0],[70702.1,0.0849609],[70702.3,0.08489686],[70703.3,0.0],[70703.6,0.0],[70704.0,0.08489481],[70705.1,0.08485951],[70705.2,0.08489337],[70705.4,0.08489313],[70705.7,0.0],[70707.3,0.90130205],[70707.6,0.08540121],[70709.3,0.0],[70709.8,0.0],[70709.9,0.08485375],[70712.8,0.06],[70714.6,0.08488208],[70714.9,0.08488172],[70717.0,0.1698264],[70720.6,0.08487488],[70721.1,0.08490827],[70724.3,0.335],[70724.9,0.08487824],[70729.6,0.335],[70748.1,1.019e-05],[70760.2,0.08487824],[70783.5,0.0],[70787.8,0.0],[70795.6,0.08487824],[70817.0,0.0],[70818.8,0.0],[70823.6,0.00022692],[70825.0,0.00100352],[70825.5,1e-05],[70826.3,0.0001129],[70827.0,0.00013777],[70827.5,5.88e-05],[70827.9,0.01179868],[70828.2,2.707e-05],[70828.7,1.675e-05],[70828.8,0.00264193],[70829.8,1.489e-05],[70829.9,0.02117859],[70830.0,0.00138481],[70830.6,0.00033528],[70830.8,1e-05],[70830.9,0.08487824],[70831.0,0.00082899],[70831.8,2.269e-05],[70832.8,0.00224721],[70833.0,0.0003996],[70833.2,0.00111237],[70833.3,0.00158621],[70833.5,8.758e-05],[70835.1,0.00010722],[70836.0,1.004e-05],[70836.1,1e-05],[70836.2,2.577e-05],[70836.9,1.588e-05],[70837.0,0.02115],[70838.3,6.079e-05],[70839.2,0.00062148],[70840.0,0.01637319],[70840.5,0.00021636],[70841.4,1e-05]],"bids":[[70604.5,0.228],[70603.9,0.36719127],[70603.7,0.60010444],[70603.6,0.89010444],[70602.6,0.0283],[70602.4,0.06646234],[70602.3,0.17028],[70601.4,0.04212007],[70600.5,0.1094658],[70600.2,0.00469839],[70600.0,0.0702],[70598.3,0.0222],[70598.0,0.77195951],[70597.9,0.04478],[70597.8,0.0283],[70597.7,0.0652],[70596.8,0.73873704],[70596.5,0.0046986],[70596.2,0.0283],[70596.0,0.0702],[70593.1,0.0],[70592.2,0.20100009],[70591.5,0.42000062],[70590.6,0.0],[70588.3,0.0],[70586.7,0.3283974],[70586.0,0.547329],[70585.5,0.08],[70585.1,0.0],[70583.9,0.0],[70583.4,0.0],[70581.9,0.0],[70581.4,0.0],[70580.7,0.17625004],[70579.7,0.0],[70578.6,0.26915],[70576.2,0.02124644],[70573.5,0.0],[70571.3,0.0],[70568.7,0.0],[70565.2,0.53829],[70557.9,0.0],[70553.5,0.03312597],[70534.8,1.1e-05],[70533.2,0.0],[70531.8,0.70811],[70521.4,0.0],[70518.9,0.0],[70510.1,0.0],[70506.6,0.00713222],[70505.0,0.0],[70499.8,0.00038853],[70456.1,0.0],[70455.9,0.0],[70455.8,0.0],[70455.5,0.0],[70455.1,0.0],[70455.0,0.0],[70454.7,0.0],[70454.5,0.0],[70454.1,0.0],[70454.0,0.0],[70453.9,0.0]],"_doc":"b98969f3-f7ac-4fcc-a27d-8d30334091a2"},{"receive_time":1712791548.904,"timestamp":"2024-04-11 00:25:48","asks":[[70598.1,0.0],[70822.6,0.02353897]],"bids":[[70522.2,0.67],[70467.7,0.00611084],[70453.5,0.0],[70453.2,0.0]],"_doc":"6110ff17-dbf6-4721-b03b-e0c596ad549f"},{"receive_time":1712791548.804,"timestamp":"2024-04-11 00:25:48","asks":[[70678.6,0.0],[70678.7,0.0],[70678.8,0.02],[70679.4,0.02]],"bids":[],"_doc":"1e9bc591-998d-4d92-926a-5a1ce90d4bb6"},{"receive_time":1712791548.704,"timestamp":"2024-04-11 00:25:48","asks":[[70618.0,0.17626091],[70678.3,0.0],[70678.4,0.0],[70678.6,0.02],[70678.7,0.02]],"bids":[],"_doc":"0b3c021d-244b-4463-a509-a3f6143b1290"},{"receive_time":1712791548.604,"timestamp":"2024-04-11 00:25:48","asks":[[70596.9,1.70457878],[70618.0,0.17625964],[70619.7,0.0],[70645.9,0.00015107],[70677.0,0.0],[70678.1,0.0],[70678.2,0.01676613],[70678.3,0.02],[70678.4,0.02],[70822.1,0.00015107],[70822.6,0.0],[70823.6,0.0]],"bids":[[70584.6,0.0],[70583.9,0.01077848],[70513.1,0.00030753],[70469.5,0.0]],"_doc":"a6b8416b-bfb4-40bd-959e-0ba14d34a1b8"},{"receive_time":1712791548.504,"timestamp":"2024-04-11 00:25:48","asks":[],"bids":[[70596.8,0.02768562],[70596.0,0.0],[70593.0,0.0],[70575.1,0.0],[70573.5,0.17625788],[70453.5,1.252e-05],[70453.2,0.00307887]],"_doc":"51b1936e-b5a7-4cbb-8117-15eb3f1edf53"},{"receive_time":1712791548.404,"timestamp":"2024-04-11 00:25:48","asks":[[70601.0,0.0283],[70619.7,0.17625756],[70619.9,0.0],[70678.1,0.02],[70678.2,0.03676613],[70678.3,0.0],[70679.2,0.0],[70819.3,0.49],[70825.0,0.0]],"bids":[[70507.1,0.0],[70506.7,0.0012905]],"_doc":"9fc000d8-ff58-42ac-bb84-e6a0daa32f74"},{"receive_time":1712791548.304,"timestamp":"2024-04-11 00:25:48","asks":[[70596.9,1.6152475],[70606.0,0.18037204],[70606.2,0.30062],[70606.6,0.0],[70609.9,0.36074],[70610.4,0.0],[70613.7,0.42087],[70614.2,0.0],[70617.9,0.0],[70619.8,0.20100008],[70642.7,0.71812209],[70661.6,0.02368674],[70670.2,0.44601071],[70679.4,0.0],[70698.5,0.04245071],[70707.7,0.0],[70726.8,0.04245071],[70736.0,0.0],[70825.5,0.0]],"bids":[[70575.8,0.92035447],[70558.2,0.41977939],[70555.1,1.48],[70523.7,0.00021269],[70509.7,0.01241262],[70505.6,0.20148416],[70500.5,0.04245071],[70491.1,6.052e-05],[70485.8,0.04091193],[70481.5,0.0],[70472.3,0.0448819],[70453.5,0.0],[70453.2,0.0],[70452.4,0.0],[70452.3,0.0]],"_doc":"cba09c79-78b2-465e-bcd4-f6f3a3e59425"},{"receive_time":1712791548.204,"timestamp":"2024-04-11 00:25:48","asks":[[70606.0,0.0],[70606.2,0.0],[70606.6,0.04368602],[70609.9,0.0],[70610.4,0.30062],[70613.7,0.0],[70614.2,0.36074],[70617.9,0.42087],[70645.9,0.0],[70665.3,0.05981859],[70678.3,0.02],[70678.8,0.0],[70679.2,0.02],[70680.3,0.0],[70687.5,0.63224364],[70693.7,0.10163565],[70696.7,0.0],[70702.9,0.0],[70705.7,0.16985356],[70714.9,0.0],[70715.8,0.08491464],[70722.0,0.0848732],[70725.0,0.00100085],[70731.2,0.0],[70750.3,0.0850067],[70759.5,0.1459544],[70822.1,0.0],[70823.6,0.00022692],[70825.0,0.00100352],[70825.5,1e-05]],"bids":[[70596.0,0.0702],[70593.0,0.0283],[70584.6,0.01077848],[70583.6,0.0],[70513.1,0.0],[70505.0,0.00709169],[70495.8,0.0848732],[70485.8,0.0],[70477.5,6.144e-05],[70476.7,0.0004438],[70476.6,0.08494168],[70468.3,0.08491464],[70467.6,0.0848732],[70452.0,0.0],[70451.1,0.0],[70451.0,0.0]],"_doc":"045f56b2-cf9c-4ea6-b43b-1fc656b99090"},{"receive_time":1712791548.104,"timestamp":"2024-04-11 00:25:48","asks":[[70645.9,0.00015107],[70646.0,0.7],[70681.0,0.08488845],[70685.6,0.08491692],[70690.2,0.0],[70694.8,0.0],[70709.3,0.08488845],[70713.9,0.08491692],[70718.5,0.0],[70722.4,0.08490671],[70723.1,0.0],[70737.6,0.08488845],[70746.8,0.0],[70823.6,0.0],[70825.0,0.0]],"bids":[[70518.9,0.00247352],[70518.5,0.0],[70517.7,0.0],[70508.5,0.08488845],[70489.4,0.0],[70481.3,0.0],[70480.2,0.08488845],[70472.1,0.08701461],[70469.3,0.08490671],[70461.2,0.0],[70452.0,0.08488845]],"_doc":"f37c7521-8917-4ae4-a8a5-1c7b85e324ba"},{"receive_time":1712791548.004,"timestamp":"2024-04-11 00:25:48","asks":[[70619.9,0.17625891],[70681.5,0.08492185],[70685.0,1.19373364],[70687.9,0.08491416],[70690.7,0.0],[70694.2,0.0],[70697.1,0.0],[70709.8,0.08492185],[70713.3,0.08488364],[70716.2,0.08491416],[70719.0,0.0],[70719.3,0.08491043],[70722.5,0.0],[70725.4,0.0],[70728.5,0.0],[70731.6,0.08489565],[70741.6,0.08488364],[70750.8,0.0],[70825.0,0.00100352]],"bids":[[70575.1,0.17625891],[70531.6,0.00074428],[70522.4,0.08488364],[70503.3,0.0],[70502.2,0.0],[70499.7,0.0],[70494.1,0.08488364],[70493.0,0.08491043],[70490.5,0.08492185],[70482.2,0.0],[70478.5,0.00079141],[70475.1,0.0],[70474.0,5.777e-05],[70473.0,0.08535139],[70471.5,0.0],[70465.9,0.08488364],[70464.8,0.08493253],[70462.3,0.08492185]],"_doc":"fc05f056-dd0a-45db-86c4-e72ca289247e"},{"receive_time":1712791547.904,"timestamp":"2024-04-11 00:25:47","asks":[[70619.9,0.17625892],[70646.0,0.70015107],[70652.1,0.0],[70666.6,0.08490575],[70675.3,0.08489529],[70675.9,0.0],[70684.5,0.0],[70685.2,0.0848834],[70685.9,0.08488256],[70694.4,0.0],[70694.9,0.08490575],[70695.1,0.006719],[70698.7,0.08486719],[70703.6,0.08489529],[70704.2,0.0],[70712.8,0.14489277],[70713.5,0.0848834],[70714.2,0.08488256],[70719.1,0.08491067],[70722.7,0.0],[70723.2,0.08490575],[70723.4,0.0],[70727.0,0.08488135],[70728.3,0.0],[70731.9,0.08489529],[70732.5,0.0],[70741.1,0.0],[70741.8,0.0848834],[70742.5,0.08488256],[70751.0,0.0],[70751.7,0.0],[70755.3,0.08486719],[70825.0,0.0],[70825.5,0.0],[70826.3,0.0]],"bids":[[70596.8,0.04225635],[70575.1,0.17625892],[70530.4,0.0],[70529.1,0.0],[70528.9,0.0],[70521.2,0.0848834],[70519.7,0.08489529],[70514.9,0.08486719],[70508.4,0.0],[70502.1,0.0],[70500.6,0.0],[70499.3,0.08488256],[70499.1,0.1459544],[70494.9,0.0],[70492.9,0.08630394],[70491.4,0.08489529],[70489.9,0.08491067],[70486.6,0.08487816],[70485.7,0.08494071],[70480.1,0.0],[70473.9,0.00025592],[70472.4,0.00035838],[70471.1,1.24102256],[70470.9,4.111e-05],[70466.7,0.0],[70464.7,0.0848834],[70463.2,0.08489529],[70461.7,0.08491067],[70458.4,0.08489956],[70457.5,0.08490575],[70451.9,0.0]],"_doc":"c26ea198-184e-4e81-b857-4faf06e4f952"},{"receive_time":1712791547.804,"timestamp":"2024-04-11 00:25:47","asks":[[70618.0,0.0],[70619.9,0.17625885],[70675.0,0.08489565],[70683.2,0.08488581],[70684.2,0.0],[70692.4,0.0],[70703.3,0.08489565],[70705.7,0.08492678],[70707.9,0.06],[70711.5,0.08488581],[70712.5,0.0],[70714.9,0.08491572],[70720.7,2.519e-05],[70721.0,0.08490839],[70730.2,0.0],[70731.6,0.1697913],[70736.2,0.0],[70739.8,0.08488581],[70740.8,0.0],[70749.0,0.01415699],[70764.5,0.00018482],[70827.0,0.0]],"bids":[[70575.1,0.17625885],[70573.5,0.0],[70525.9,0.0],[70524.1,0.0],[70517.8,0.05155938],[70516.7,0.08489565],[70515.8,1.003e-05],[70515.7,0.01164803],[70506.5,0.08488581],[70503.9,0.0],[70502.7,0.0],[70497.6,0.0],[70495.8,0.0],[70494.7,0.08490839],[70493.5,0.08492678],[70488.4,0.08489565],[70488.1,0.0],[70487.4,0.0],[70478.2,0.08488581],[70475.7,0.0],[70474.5,4.02e-05],[70469.4,0.0],[70467.6,0.0],[70466.5,0.08506475],[70465.3,0.09911056],[70460.2,0.08490568],[70452.4,0.1459544],[70452.3,0.335],[70451.9,0.08487152],[70451.1,0.00063599],[70451.0,1.009e-05]],"_doc":"c323997a-3f98-4e9e-972e-7e7c1c4be8a7"},{"receive_time":1712791547.704,"timestamp":"2024-04-11 00:25:47","asks":[[70618.0,0.17626032],[70619.9,0.0],[70663.7,0.02759549],[70670.1,0.10503312],[70678.3,0.0],[70678.4,0.0],[70678.8,0.02],[70679.8,0.0],[70680.3,0.02]],"bids":[[70575.1,0.0],[70573.5,0.17626032],[70537.8,0.0],[70528.6,0.08491692],[70528.0,0.547329],[70518.8,0.08492185],[70513.6,0.0],[70509.5,0.0],[70506.7,0.0],[70505.2,0.02766757],[70500.3,0.08491692],[70497.5,0.08490671]],"_doc":"b8a99a5a-4743-49f7-97f8-c2a0c64f32de"},{"receive_time":1712791547.604,"timestamp":"2024-04-11 00:25:47","asks":[[70653.2,0.08492185],[70657.3,0.08791692],[70665.8,0.08490671],[70666.5,0.0],[70694.1,0.08490671],[70827.5,0.0],[70827.9,0.0]],"bids":[[70565.1,0.02217884],[70559.6,0.0],[70525.8,0.08490671],[70521.4,0.00244102],[70521.2,0.0],[70452.4,0.0]],"_doc":"f4741d4f-dacf-4901-b615-3bac12b67806"},{"receive_time":1712791547.504,"timestamp":"2024-04-11 00:25:47","asks":[[70619.9,0.17625876],[70659.6,0.08491416],[70662.4,0.00849],[70662.7,0.08491043],[70667.6,0.0],[70668.8,0.0],[70671.9,0.0],[70675.0,0.0],[70679.8,0.02758923],[70691.0,0.08491043],[70700.2,0.0],[70703.3,0.0],[70827.5,5.88e-05],[70827.9,0.01179868]],"bids":[[70575.1,0.17625876],[70538.7,0.0],[70535.0,0.0],[70530.5,0.0],[70529.5,0.08507542],[70521.3,0.08491043],[70513.6,0.02765425],[70510.4,0.0],[70501.9,0.0],[70501.2,0.08491416],[70453.2,0.00307887],[70452.4,0.1459544]],"_doc":"70e9e879-dbf3-4f68-8e50-939f5b2d1676"},{"receive_time":1712791547.404,"timestamp":"2024-04-11 00:25:47","asks":[[70662.5,0.08491067],[70671.7,0.0],[70678.1,0.0],[70678.2,0.01676613],[70678.3,0.02],[70678.4,0.02],[70690.8,0.08491067],[70700.0,0.00679942],[70726.7,0.0],[70727.0,1.416e-05],[70735.5,0.0],[70735.8,4.249e-05],[70827.5,0.0],[70827.9,0.0]],"bids":[[70527.4,2.116e-05],[70518.2,0.08491067],[70469.5,0.00611068],[70453.2,0.0],[70452.4,0.0]],"_doc":"699ad0ae-8970-40ac-a21c-9bd35daf4f19"},{"receive_time":1712791547.304,"timestamp":"2024-04-11 00:25:47","asks":[[70623.0,0.6],[70624.6,0.45420365],[70629.4,0.1459544],[70649.1,0.16985356],[70658.3,0.0],[70664.4,0.08490839],[70665.3,0.0],[70673.6,0.0],[70677.4,0.25474633],[70686.6,0.0],[70692.7,0.08490839],[70701.9,0.0],[70827.5,5.88e-05],[70827.9,0.01179868]],"bids":[[70588.2,0.0283],[70564.2,0.08503326],[70532.2,4.249e-05],[70531.0,0.16541],[70523.0,0.08490839],[70521.8,0.08492678],[70491.1,0.65477558],[70479.5,0.0],[70452.3,0.0],[70451.9,0.0],[70451.1,0.0]],"_doc":"1369e0c8-b697-4c9d-bd08-adce583af671"},{"receive_time":1712791547.204,"timestamp":"2024-04-11 00:25:47","asks":[[70649.1,0.08492678],[70658.3,0.08491572],[70659.2,0.08491464],[70668.4,0.0],[70677.4,0.16981955],[70678.1,0.02],[70678.2,0.03676613],[70678.3,0.0],[70678.4,0.0],[70686.6,0.08491572]],"bids":[[70542.3,0.0046],[70534.0,0.0],[70533.1,0.08492678],[70524.8,0.08491464],[70514.0,0.1459544],[70505.7,0.0],[70504.8,0.08492678],[70496.5,0.08491464],[70451.0,0.0],[70450.8,0.0]],"_doc":"86afa6ac-2a2e-4cd6-9277-4e75a369417b"},{"receive_time":1712791547.104,"timestamp":"2024-04-11 00:25:47","asks":[],"bids":[[70596.8,0.04579339],[70475.8,0.0],[70450.8,2.559e-05]],"_doc":"e5bdd96a-30a5-45be-a6c4-ac71db70b40e"},{"receive_time":1712791547.004,"timestamp":"2024-04-11 00:25:47","asks":[[70611.0,0.28423336],[70618.0,0.0],[70619.9,0.17625809],[70678.2,0.01676613],[70678.4,0.02],[70827.5,0.0]],"bids":[[70596.8,0.04225635],[70583.4,0.0283],[70582.7,0.0],[70575.1,0.17625809],[70573.5,0.0]],"_doc":"84534007-6fc6-4e37-88f0-28c6808a6eec"},{"receive_time":1712791546.904,"timestamp":"2024-04-11 00:25:46","asks":[[70618.0,0.17625946],[70619.9,0.0],[70623.1,1.0],[70827.9,0.0]],"bids":[[70575.1,0.0],[70573.5,0.17625946],[70554.5,0.48344],[70450.8,0.0]],"_doc":"2d4c9c05-f22e-47f1-bc3c-06c40fb3faca"},{"receive_time":1712791546.804,"timestamp":"2024-04-11 00:25:46","asks":[[70726.0,0.0],[70726.7,1.416e-05],[70734.7,0.0],[70735.5,4.249e-05]],"bids":[[70593.0,0.0],[70583.6,0.01077848],[70582.8,0.0],[70450.8,2.559e-05]],"_doc":"5273319d-c622-4b96-8684-935b12c2202b"},{"receive_time":1712791546.704,"timestamp":"2024-04-11 00:25:46","asks":[[70618.0,0.0],[70619.9,0.17625914],[70678.1,0.0],[70678.3,0.02]],"bids":[[70586.6,0.0283],[70585.1,0.01698007],[70450.8,0.0],[70450.7,0.0]],"_doc":"640ab6bb-ac7b-41ef-8d6e-5cf255f1e078"},{"receive_time":1712791546.604,"timestamp":"2024-04-11 00:25:46","asks":[[70618.0,0.17625917],[70678.1,0.02],[70678.3,0.0]],"bids":[[70575.1,0.17625932],[70573.5,0.0]],"_doc":"80508ee8-52eb-428e-83f7-5f692694904f"},{"receive_time":1712791546.504,"timestamp":"2024-04-11 00:25:46","asks":[[70628.6,2.75820443],[70678.0,0.0],[70678.1,0.0],[70678.2,0.03676613],[70678.3,0.02],[70827.9,0.01179868]],"bids":[[70573.5,0.17625979],[70531.6,0.08561688]],"_doc":"5be8fee6-4612-4be6-84ec-26b3e1367801"},{"receive_time":1712791546.404,"timestamp":"2024-04-11 00:25:46","asks":[[70618.0,0.17626028],[70623.4,0.70235847],[70678.0,0.02],[70678.1,0.02],[70679.2,0.0],[70680.2,0.0],[70779.0,0.0]],"bids":[[70585.0,0.0283],[70573.5,0.17626028],[70546.9,0.02126355],[70531.8,0.75124664],[70495.0,0.0],[70494.0,0.0],[70450.7,3.052e-05]],"_doc":"25b5dda9-a5f5-4f5a-86cf-24397b3a093c"},{"receive_time":1712791546.304,"timestamp":"2024-04-11 00:25:46","asks":[[70622.4,0.0],[70628.6,2.75746015],[70630.0,0.2291],[70630.1,0.0],[70654.6,0.14101395],[70672.8,0.0],[70677.0,0.01914753],[70680.4,0.0],[70684.1,0.0],[70690.0,0.0],[70776.4,0.2],[70825.5,1e-05],[70826.3,0.0001129],[70827.0,0.00013777],[70827.5,5.88e-05]],"bids":[[70568.8,0.30802803],[70538.0,0.0],[70529.4,5.649e-05],[70528.8,0.04245071],[70509.1,0.67845609],[70491.0,0.15275373],[70488.1,0.05092491],[70450.7,0.0],[70450.5,0.0],[70450.0,0.0],[70449.9,0.0]],"_doc":"d2127b4c-c092-411c-a483-46b9f866688a"},{"receive_time":1712791546.204,"timestamp":"2024-04-11 00:25:46","asks":[[70617.2,0.0],[70618.0,0.17626073],[70668.2,0.0],[70726.0,1.416e-05],[70734.7,4.249e-05],[70738.3,0.0],[70747.0,0.0],[70825.0,0.00100352]],"bids":[[70593.0,0.0283],[70544.7,0.0],[70540.9,1.416e-05],[70536.1,0.0],[70532.2,0.08493983],[70507.8,0.0],[70507.3,0.0],[70507.1,0.00129047],[70501.9,0.02765882]],"_doc":"3626cdac-e9e6-4471-82bb-95182192e096"},{"receive_time":1712791546.104,"timestamp":"2024-04-11 00:25:46","asks":[[70600.7,0.0],[70603.1,0.00771324],[70604.8,0.09625561],[70610.6,0.0],[70614.9,0.0],[70617.2,0.17626236],[70646.0,0.00015107],[70648.0,0.0],[70678.2,0.01676613],[70678.5,0.01676606],[70679.2,0.02],[70680.2,0.02],[70818.8,0.08489277],[70822.1,0.00015107],[70825.0,0.0],[70825.5,0.0],[70826.3,0.0],[70827.0,0.0]],"bids":[[70590.6,0.0046986],[70573.5,0.17626253],[70572.2,0.0],[70567.8,0.51338],[70557.6,0.69963223],[70521.3,0.0],[70521.2,0.00244105],[70518.6,0.0],[70518.5,0.00247344],[70514.3,0.0],[70513.1,0.00030753],[70508.7,2.281e-05],[70507.8,0.00129039],[70449.6,0.0],[70449.4,0.0],[70449.0,0.0],[70448.5,0.0]],"_doc":"8bab91b5-856d-49d9-a3c3-425b19abd60b"},{"receive_time":1712791546.004,"timestamp":"2024-04-11 00:25:46","asks":[[70604.8,0.0],[70606.0,0.18037202],[70606.1,0.01740294],[70612.2,0.0],[70614.9,0.17626373],[70618.0,0.0],[70634.7,0.0],[70639.9,0.00106976],[70641.5,0.0],[70646.2,0.8493676],[70648.0,0.00015107],[70652.0,0.0],[70652.8,0.01162541],[70659.9,0.04000402],[70660.7,0.0],[70661.2,0.21732664],[70667.6,0.02759398],[70674.3,0.0],[70677.4,0.08489277],[70678.2,0.03676613],[70678.5,0.03676606],[70679.2,0.0],[70679.3,0.0],[70686.6,0.16983144],[70707.8,0.1846],[70712.8,0.22977701],[70720.6,0.0],[70722.0,0.0],[70748.1,0.08490296],[70757.3,0.0],[70783.5,0.08489277],[70792.7,0.0],[70817.0,0.00106976],[70818.0,1.476e-05],[70825.0,0.00100352],[70825.5,1e-05],[70826.3,0.0001129],[70827.0,0.00013777]],"bids":[[70582.8,0.01077848],[70582.0,0.0],[70579.7,0.0566731],[70573.5,0.0],[70572.2,0.17626373],[70571.4,0.006],[70570.5,0.14170912],[70568.9,0.0],[70568.6,0.00323352],[70560.9,0.0],[70551.4,0.0],[70549.3,0.0],[70542.0,0.0],[70534.7,0.0],[70533.2,1.1e-05],[70527.8,0.0123805],[70522.8,0.0],[70521.3,0.00244091],[70521.2,0.0],[70518.6,0.00247331],[70518.5,0.0],[70514.3,0.0003075],[70513.0,1.30533711],[70511.6,2.00596],[70510.1,0.0021668],[70508.7,0.00131304],[70506.5,0.0],[70505.0,0.09195384]],"_doc":"1c6e93e0-1752-431c-b6c7-f9ced56f1335"},{"receive_time":1712791545.904,"timestamp":"2024-04-11 00:25:45","asks":[[70596.9,1.6552475],[70597.8,0.0283],[70598.1,0.00963],[70598.2,0.04],[70598.4,0.35115419],[70599.3,0.04212006],[70602.2,0.0],[70602.5,0.0],[70602.6,0.0935],[70604.6,0.004271],[70605.0,0.00283421],[70606.1,0.19777502],[70606.2,0.30062],[70606.8,0.01416295],[70607.3,0.0],[70607.7,0.0],[70607.9,0.0],[70609.6,0.141631],[70609.9,0.36074],[70610.5,0.04385622],[70610.8,0.0],[70611.0,0.28272589],[70611.4,0.0],[70613.4,0.02124721],[70613.7,0.42087],[70614.0,0.0],[70614.5,0.0],[70614.6,0.58931476],[70615.1,0.0],[70615.2,0.0],[70616.0,0.98219111],[70617.3,0.70781],[70618.0,0.17626165],[70618.1,0.08],[70618.2,0.0],[70622.2,0.0],[70622.3,0.0],[70624.4,0.53829],[70626.5,0.14159693],[70628.5,0.0],[70628.8,0.0],[70629.5,4.65611364],[70630.4,0.0],[70633.7,0.0],[70637.6,0.0],[70639.4,0.0],[70641.5,0.00106976],[70646.0,0.0],[70648.2,0.0],[70649.9,0.0],[70659.4,0.0],[70660.6,0.0],[70660.7,0.05665822],[70670.1,0.34716918],[70676.5,0.0],[70678.7,0.0],[70678.8,0.0],[70679.2,0.02],[70679.3,0.02],[70714.1,0.02],[70716.8,0.08],[70717.5,0.01416238],[70719.9,0.00531757],[70722.2,0.0],[70727.6,0.0],[70730.6,0.0],[70734.9,0.0],[70812.0,0.0],[70818.0,0.00108452],[70821.4,0.00321197],[70822.2,4.217e-05],[70822.5,0.00027258],[70822.6,0.02353897],[70823.6,0.00022692]],"bids":[[70598.3,0.0],[70598.1,0.0],[70597.3,0.0],[70596.8,0.05150747],[70593.1,0.04212005],[70593.0,0.0],[70591.5,0.08500062],[70591.2,0.14166765],[70590.1,0.0],[70587.4,0.0],[70587.2,0.0],[70586.1,0.0],[70585.5,0.0],[70583.3,0.01416764],[70582.2,0.16],[70582.0,0.01077848],[70581.9,0.00283359],[70581.4,0.08],[70580.8,0.02115],[70580.7,0.0],[70577.5,0.0],[70575.6,0.0],[70575.4,0.0],[70573.5,0.17626165],[70573.3,0.0],[70572.3,0.0],[70571.3,0.26915],[70568.9,0.23279],[70568.7,0.02124721],[70562.0,0.0],[70557.9,0.53829],[70556.9,0.14173646],[70538.9,0.0],[70534.7,1.1e-05],[70526.9,0.0],[70525.1,0.0],[70522.8,0.00244083],[70521.2,0.00247323],[70515.8,0.05792377],[70511.6,2.00812665],[70510.7,0.0],[70506.5,0.00709154],[70493.0,0.0],[70479.5,0.6939323],[70449.4,0.000178],[70449.0,1.508e-05],[70448.5,0.08503532]],"_doc":"65583a9a-044a-4cab-ac42-65f46459fc9a"},{"receive_time":1712791545.804,"timestamp":"2024-04-11 00:25:45","asks":[[70598.4,1.09331138],[70599.4,0.0283],[70600.0,0.0702],[70600.7,0.00771308],[70602.2,0.04478],[70602.4,0.20100003],[70602.5,0.21928109],[70602.6,0.1501731],[70603.7,0.335],[70606.7,0.07281],[70607.2,0.00771285],[70607.3,0.17483178],[70607.7,0.30051],[70607.9,0.004271],[70609.9,0.0],[70611.0,0.01357589],[70611.4,0.36061],[70611.9,0.0],[70612.2,0.0283],[70613.2,0.0],[70613.7,0.0],[70613.9,0.1459544],[70614.2,0.0],[70615.1,0.26915],[70615.2,0.42071],[70615.6,0.0],[70618.4,0.0],[70619.4,0.0],[70620.4,0.0],[70622.2,0.23624715],[70622.3,0.09443],[70624.4,0.0],[70625.1,0.01507336],[70626.8,0.0],[70628.5,0.53829],[70633.8,0.0],[70821.4,0.0],[70822.1,0.0],[70822.2,0.0],[70822.5,0.0],[70822.6,0.0],[70823.6,0.0],[70825.0,0.0],[70825.5,0.0]],"bids":[[70602.5,0.0],[70598.3,0.05],[70597.3,0.08544614],[70596.8,0.14316388],[70596.2,0.0],[70596.0,0.0],[70595.4,0.0],[70594.6,0.0],[70593.1,0.04212007],[70591.9,0.0],[70591.1,0.0],[70590.0,0.0],[70589.1,0.0],[70588.3,0.0046985],[70587.2,0.01077848],[70586.0,0.0],[70585.7,0.0],[70585.5,0.08],[70584.3,0.0],[70580.5,0.0],[70576.5,0.0],[70575.4,0.26915],[70567.1,0.0],[70562.0,0.53829],[70554.9,0.00739328],[70552.0,0.0],[70551.4,0.67975981],[70550.5,0.07390893],[70550.3,0.0],[70549.3,0.0875727],[70547.0,0.0],[70533.1,0.0],[70509.0,1.13076009],[70508.6,0.0],[70452.3,0.335],[70451.9,0.08487152],[70451.1,0.00063599],[70451.0,1.009e-05],[70450.8,2.559e-05],[70450.7,3.052e-05],[70450.5,1.60459958],[70450.0,0.00430316],[70449.9,2.436e-05],[70449.6,0.00118504]],"_doc":"2c640f2c-0944-4d3f-ae17-8582f949d9df"},{"receive_time":1712791545.704,"timestamp":"2024-04-11 00:25:45","asks":[[70602.6,1.89973617],[70602.7,0.04385622],[70603.0,0.04385622],[70603.5,0.0],[70607.6,0.04385622],[70624.2,0.0],[70624.4,0.17624597],[70630.4,0.10937255],[70826.3,0.0],[70827.0,0.0],[70827.5,0.0]],"bids":[[70600.1,0.0],[70600.0,0.0],[70597.8,0.0],[70597.3,0.13386538],[70590.7,0.0],[70586.1,0.06567951],[70586.0,0.1094658],[70584.4,0.26333782],[70581.8,0.0],[70581.7,0.0],[70580.7,0.17624614],[70578.9,0.0],[70568.7,0.20100008],[70568.3,0.0],[70558.4,0.0],[70523.7,0.87527315],[70475.8,0.00611014],[70454.1,0.00047075],[70454.0,3.264e-05],[70453.9,0.00014193],[70453.5,1.252e-05],[70453.2,0.00307887],[70452.4,0.1459544]],"_doc":"2816497d-58e9-41fc-bcff-e500505b1427"},{"receive_time":1712791545.604,"timestamp":"2024-04-11 00:25:45","asks":[[70624.2,0.17624686],[70624.3,0.0],[70624.4,0.0],[70630.4,0.0],[70678.6,0.0],[70678.8,0.02],[70827.0,0.00013777],[70827.5,5.88e-05]],"bids":[[70591.7,0.0],[70590.7,0.01077848],[70580.1,0.0],[70578.9,0.17624686]],"_doc":"16bf206d-e52b-4028-8d76-d5bc3da773b9"},{"receive_time":1712791545.504,"timestamp":"2024-04-11 00:25:45","asks":[[70652.0,0.00015107],[70652.1,0.7],[70827.0,0.0]],"bids":[[70602.5,0.04838881]],"_doc":"abb7aced-1b9e-4564-bc34-623242cbd7e1"},{"receive_time":1712791545.404,"timestamp":"2024-04-11 00:25:45","asks":[[70630.4,0.10937255],[70827.5,0.0]],"bids":[[70599.4,0.0],[70500.7,0.14144302],[70473.4,7.804e-05]],"_doc":"f534b71e-3cc2-4b53-ae6c-a10fdea6e856"},{"receive_time":1712791545.304,"timestamp":"2024-04-11 00:25:45","asks":[[70630.4,0.0],[70660.1,0.14206268],[70678.5,0.01676606],[70678.7,0.02],[70827.8,0.0]],"bids":[[70563.9,0.05843827]],"_doc":"39e5c995-9136-4d00-8df0-ff0ca0ebb605"},{"receive_time":1712791545.204,"timestamp":"2024-04-11 00:25:45","asks":[[70624.3,0.10574695],[70680.4,0.20100004],[70827.9,0.0],[70828.0,0.0]],"bids":[[70568.7,0.40067764],[70499.8,0.89668055],[70490.2,0.0],[70454.5,0.01250637]],"_doc":"01f59df9-f997-4d48-a14c-a5ea44a3ae85"},{"receive_time":1712791545.104,"timestamp":"2024-04-11 00:25:45","asks":[[70630.4,0.10937255],[70678.5,0.03676606],[70678.7,0.0],[70827.8,0.00015107],[70828.2,0.0]],"bids":[[70599.4,0.0283],[70485.5,0.01403556],[70454.5,0.0],[70454.1,0.0]],"_doc":"6a03736e-ce53-4113-82e7-559763401530"},{"receive_time":1712791545.004,"timestamp":"2024-04-11 00:25:45","asks":[[70630.4,0.0],[70678.5,0.01676606],[70678.7,0.02],[70827.8,0.0],[70828.2,2.707e-05]],"bids":[[70600.1,0.02850224],[70597.3,0.08544614],[70454.0,0.0]],"_doc":"192f93e5-18a7-4609-a358-74e3cc122170"},{"receive_time":1712791544.904,"timestamp":"2024-04-11 00:25:44","asks":[[70652.1,0.70015107],[70654.6,0.0],[70675.5,0.0],[70678.5,0.03676606],[70678.7,0.0],[70827.8,0.00015107],[70827.9,0.01179868],[70828.0,0.08488172]],"bids":[[70600.0,0.0702],[70580.7,0.0],[70580.1,0.17624534],[70453.9,0.0]],"_doc":"335db46d-c4d4-4c40-b285-32cc7ce69d01"},{"receive_time":1712791544.804,"timestamp":"2024-04-11 00:25:44","asks":[[70630.4,0.10937255],[70678.5,0.01676606],[70678.7,0.02],[70827.9,0.0],[70828.0,0.0]],"bids":[[70586.1,0.32018754],[70586.0,0.547329],[70584.1,0.0],[70581.8,0.52663365]],"_doc":"0f9b9964-10e2-4395-8e00-7d8c0e6be089"},{"receive_time":1712791544.704,"timestamp":"2024-04-11 00:25:44","asks":[[70602.6,1.85495617],[70630.4,0.0],[70678.5,0.03676606],[70678.6,0.02],[70679.1,0.0],[70679.2,0.0],[70827.9,0.01179868],[70828.0,0.08488172]],"bids":[[70600.1,0.0],[70600.0,0.0],[70599.4,0.0],[70597.3,0.13386539],[70592.5,0.0],[70591.7,0.01077848],[70581.7,0.8777226],[70542.4,0.75773657],[70542.2,1.26289428],[70454.0,3.264e-05],[70453.9,0.00014193]],"_doc":"3cfe7d15-5245-400a-a366-40234801c6b8"},{"receive_time":1712791544.604,"timestamp":"2024-04-11 00:25:44","asks":[],"bids":[[70597.3,0.08544614],[70513.7,0.01843134],[70454.0,0.0]],"_doc":"610d5517-620e-45e7-91ea-8c28ead49635"},{"receive_time":1712791544.504,"timestamp":"2024-04-11 00:25:44","asks":[[70614.5,0.3013517],[70615.0,0.547329],[70630.4,0.10937255],[70827.9,0.0]],"bids":[[70601.0,0.0],[70597.2,0.0],[70586.1,0.06567951],[70586.0,0.1094658],[70454.1,0.00047075],[70454.0,3.264e-05]],"_doc":"40b47a1e-3a3b-4bb4-bcc8-09db773163f5"},{"receive_time":1712791544.404,"timestamp":"2024-04-11 00:25:44","asks":[[70623.0,0.0],[70624.4,0.17624487],[70630.4,0.0],[70678.7,0.0],[70678.8,0.0],[70679.1,0.02],[70679.2,0.02],[70827.9,0.01179868]],"bids":[[70600.1,0.05910004],[70599.5,0.0],[70513.0,1.30662725],[70512.6,0.0],[70454.5,0.01250637]],"_doc":"134e2dbd-5af6-4af1-b525-ecd04cc4e09e"},{"receive_time":1712791544.304,"timestamp":"2024-04-11 00:25:44","asks":[[70607.6,0.0],[70611.6,0.00323352],[70612.1,0.0],[70614.5,0.21636604],[70615.0,0.1094658],[70622.3,0.0],[70623.0,0.17624398],[70624.4,0.0],[70675.5,0.02828674],[70678.7,0.02],[70678.8,0.02],[70679.0,0.0],[70679.1,0.0],[70827.5,5.88e-05]],"bids":[[70601.0,0.0283],[70597.3,0.20100003],[70597.2,0.335],[70596.9,0.0],[70592.5,0.01077848],[70591.4,0.0283],[70588.2,0.0],[70586.1,0.32018748],[70580.5,0.26915],[70578.0,0.0],[70567.1,0.53829],[70564.7,0.003],[70564.6,0.0],[70563.9,0.04973898],[70542.0,0.02016853],[70454.5,0.0],[70454.1,0.0],[70454.0,0.0]],"_doc":"9412f948-b0d4-40b0-8aa4-2f563d669711"},{"receive_time":1712791544.204,"timestamp":"2024-04-11 00:25:44","asks":[[70602.6,1.84572617],[70603.9,0.0252],[70605.7,0.0],[70607.2,0.0],[70614.7,0.01720919],[70618.2,0.02124569],[70624.4,0.1762449],[70630.4,0.10937255],[70653.5,0.744],[70672.7,0.0],[70674.3,0.02759137],[70677.1,0.40301],[70684.1,0.59996428],[70686.5,0.0],[70827.5,0.0]],"bids":[[70591.4,0.03907848],[70590.5,0.0],[70586.0,0.547329],[70564.7,0.32597406],[70539.5,0.0],[70532.1,0.0],[70515.8,0.06009039],[70513.1,0.0],[70512.6,0.00129018],[70503.8,0.0],[70495.0,0.09165232],[70490.2,0.91806201],[70454.5,0.01250637],[70454.1,0.00047075],[70454.0,3.264e-05]],"_doc":"c98748c7-a136-4846-8d53-183354bd87eb"},{"receive_time":1712791544.104,"timestamp":"2024-04-11 00:25:44","asks":[[70603.9,0.0652],[70630.4,0.0],[70678.6,0.0],[70678.7,0.0],[70679.0,0.02],[70679.1,0.02],[70827.5,5.88e-05]],"bids":[[70599.5,0.01698004],[70599.4,0.0283],[70596.9,0.08544613],[70576.6,0.94202762],[70576.5,0.70788],[70572.3,0.0216262],[70454.5,0.0],[70454.1,0.0],[70454.0,0.0],[70453.9,0.0]],"_doc":"6e80a3f4-7285-481e-b253-4e105787f95d"},{"receive_time":1712791544.004,"timestamp":"2024-04-11 00:25:44","asks":[[70603.9,0.4002],[70678.4,0.0],[70678.5,0.01676606],[70678.6,0.02],[70678.7,0.02],[70827.5,0.0]],"bids":[[70600.0,0.0702],[70590.5,0.01077848],[70589.7,0.0],[70473.4,0.00618838],[70453.5,0.0]],"_doc":"58dc91fc-9583-4e8d-8ef0-30928e38dd14"},{"receive_time":1712791543.904,"timestamp":"2024-04-11 00:25:43","asks":[[70630.4,0.10937255],[70678.3,0.0],[70678.5,0.03676606]],"bids":[],"_doc":"22de2a91-3fd7-459a-a77d-8dfb4734d283"},{"receive_time":1712791543.804,"timestamp":"2024-04-11 00:25:43","asks":[[70630.4,0.0],[70827.5,5.88e-05]],"bids":[[70515.7,0.09652279],[70507.3,0.02765669],[70453.2,0.0]],"_doc":"fdee6aad-bc07-4f6c-b57e-de96cb12cdce"},{"receive_time":1712791543.704,"timestamp":"2024-04-11 00:25:43","asks":[],"bids":[[70600.0,0.0],[70477.5,0.08496502],[70453.2,0.00307887]],"_doc":"fe32d374-da0b-49ad-a976-511595ed53d8"},{"receive_time":1712791543.604,"timestamp":"2024-04-11 00:25:43","asks":[[70622.2,0.0],[70624.4,0.1762457],[70630.4,0.10937255],[70827.5,0.0]],"bids":[[70586.1,0.06567951],[70586.0,0.1094658],[70585.8,0.0],[70563.9,0.02478145],[70453.2,0.0],[70452.4,0.0]],"_doc":"3675bcee-2fb6-45ec-a44c-ba399dc412f8"},{"receive_time":1712791543.504,"timestamp":"2024-04-11 00:25:43","asks":[[70602.6,1.95242617],[70622.2,0.17624723],[70624.4,0.0],[70630.4,0.0],[70827.5,5.88e-05]],"bids":[[70568.3,0.70967107],[70452.3,0.0]],"_doc":"1354600a-a981-4ea5-bc3a-acec2cacbb1a"},{"receive_time":1712791543.404,"timestamp":"2024-04-11 00:25:43","asks":[[70602.6,2.03409685],[70678.3,0.02],[70678.5,0.01676606],[70827.5,0.0]],"bids":[[70587.4,0.01416681],[70586.7,0.0],[70585.8,0.02400002],[70539.8,0.0]],"_doc":"cd4da162-a029-4147-bdb9-3af7e04d3824"},{"receive_time":1712791543.304,"timestamp":"2024-04-11 00:25:43","asks":[[70603.9,0.59973092],[70630.4,0.10937255],[70678.3,0.0],[70678.5,0.03676606],[70826.9,0.0],[70827.5,5.88e-05]],"bids":[],"_doc":"09ae2eff-a6a9-4399-9cf6-245a7a8475b2"},{"receive_time":1712791543.204,"timestamp":"2024-04-11 00:25:43","asks":[[70607.2,0.0166653],[70630.4,0.0],[70633.7,0.322974],[70686.5,1.20357601],[70745.4,0.07084],[70827.5,0.0],[70827.9,0.0],[70828.0,0.0]],"bids":[[70600.0,0.0702],[70597.8,0.0283],[70593.4,0.0],[70593.1,0.20100006],[70591.9,0.335],[70589.7,0.01077848],[70588.9,0.0],[70588.2,0.0283],[70576.7,0.70033064],[70513.0,1.30533711],[70490.2,1.36259329],[70458.7,0.07081],[70451.9,0.0],[70451.1,0.0],[70451.0,0.0],[70450.8,0.0],[70450.7,0.0],[70450.0,0.0]],"_doc":"530b375e-b5dd-4039-8969-d5f04d7f275d"},{"receive_time":1712791543.004,"timestamp":"2024-04-11 00:25:43","asks":[[70630.4,0.10937255],[70828.2,0.0]],"bids":[],"_doc":"936cea30-9c9c-46a4-843e-a47b72bb2d68"},{"receive_time":1712791542.904,"timestamp":"2024-04-11 00:25:42","asks":[[70630.4,0.0],[70679.4,0.04244519],[70707.7,0.04244519],[70736.0,0.04244519],[70828.7,0.0],[70828.8,0.0]],"bids":[[70602.5,0.04982472],[70597.8,0.0],[70509.7,0.05485781],[70481.5,0.04244519]],"_doc":"7bcc2fa5-f954-4c6b-b673-8e721a83a212"},{"receive_time":1712791542.804,"timestamp":"2024-04-11 00:25:42","asks":[[70622.3,0.09443],[70652.1,0.00015107],[70653.0,0.0],[70678.3,0.02],[70678.5,0.01676606],[70679.4,0.0],[70686.6,0.25471316],[70702.9,0.08486215],[70707.7,0.0],[70714.9,0.16983144],[70731.2,0.08486215],[70736.0,0.0],[70759.5,0.23081655],[70828.7,0.00016782],[70829.8,0.0]],"bids":[[70520.4,0.0],[70518.5,0.0003075],[70514.1,0.0],[70514.0,0.23087012],[70513.1,0.00129024],[70509.7,0.01241262],[70505.0,0.08486215],[70485.8,0.08491572],[70481.5,0.0],[70476.7,0.08530595],[70449.9,0.0]],"_doc":"1164cdfa-b5b4-4488-a494-ffd9a57dbabc"},{"receive_time":1712791542.704,"timestamp":"2024-04-11 00:25:42","asks":[[70630.4,0.10937255],[70643.9,0.15266306],[70651.4,0.0],[70672.7,0.02823187],[70678.4,0.02],[70678.6,0.0],[70686.6,0.16979744],[70702.9,0.0],[70714.9,0.08491572],[70731.2,0.0],[70759.5,0.1459544],[70779.0,0.2],[70780.3,0.0],[70829.8,1.489e-05]],"bids":[[70550.5,0.0],[70544.7,1.416e-05],[70541.9,0.0],[70540.2,0.0],[70538.9,1.1e-05],[70536.1,4.249e-05],[70514.0,0.1459544],[70512.0,0.00645051],[70510.7,0.00709112],[70505.0,0.0],[70485.8,0.0],[70480.1,0.08487152],[70476.7,0.0004438],[70449.9,2.436e-05]],"_doc":"e0b7d411-27fe-4e6c-bd6c-c1be519c1efe"},{"receive_time":1712791542.604,"timestamp":"2024-04-11 00:25:42","asks":[[70602.6,1.78274685],[70603.5,0.04478],[70603.9,0.85096092],[70606.1,0.0],[70609.9,0.004271],[70611.0,1e-05],[70611.9,0.30051],[70613.2,0.00635145],[70614.2,0.00566752],[70614.7,0.03845488],[70615.6,0.36061],[70616.9,0.0],[70618.8,0.0],[70619.3,0.00349198],[70619.4,0.42071],[70620.7,0.0],[70629.4,0.5709684],[70630.4,0.0],[70646.0,0.00106981],[70646.9,0.0],[70649.9,0.00110214],[70651.3,0.0],[70653.6,1.24],[70653.8,0.0],[70731.6,0.08489565],[70822.1,0.00106981],[70823.5,0.0],[70826.9,0.00110214],[70827.8,0.0],[70829.9,0.0],[70830.0,0.0],[70830.6,0.0]],"bids":[[70603.8,0.0],[70599.8,0.0],[70598.3,0.00469823],[70591.1,0.00283322],[70528.4,0.0],[70526.9,0.0024408],[70526.7,0.0],[70525.1,0.00247313],[70516.3,0.0],[70515.8,0.00217665],[70514.1,0.00129024],[70513.6,0.0],[70506.7,0.08489565],[70489.0,8.12e-05],[70478.5,0.08568706]],"_doc":"1c8e8d26-caeb-4bf0-9bde-e694d33b40da"},{"receive_time":1712791542.504,"timestamp":"2024-04-11 00:25:42","asks":[[70614.0,0.14162218],[70624.4,0.17624318],[70625.3,0.0],[70634.7,0.14158056],[70641.8,0.0],[70651.2,0.0],[70651.3,0.00110214],[70678.5,0.03676606],[70678.6,0.02],[70679.9,0.0],[70680.0,0.0],[70680.4,0.0],[70692.7,0.0],[70694.2,0.0848726],[70695.6,0.00021636],[70697.1,0.0849031],[70721.0,0.0],[70722.5,0.0848726],[70723.9,0.0],[70725.4,0.0849031],[70727.0,0.0],[70728.5,0.08489938],[70731.6,0.0],[70749.3,0.0],[70750.8,0.0848726],[70827.8,0.00110214]],"bids":[[70603.8,0.041186],[70589.8,0.0283],[70584.2,0.0],[70580.7,0.17624318],[70560.9,0.14172855],[70560.2,0.0046],[70531.6,0.0848726],[70530.1,0.0],[70510.4,0.0849031],[70508.9,0.0],[70506.7,0.0],[70503.3,0.0848726],[70502.2,0.08489938],[70501.8,0.0],[70500.7,0.0],[70482.2,0.0849031],[70480.7,0.0],[70478.5,0.00079141],[70475.1,0.0848726],[70474.0,0.08495715],[70473.6,0.0],[70472.5,7.703e-05],[70449.9,0.0],[70449.6,0.0]],"_doc":"e25c2962-a410-498a-b71e-489e9f6f91cc"},{"receive_time":1712791542.404,"timestamp":"2024-04-11 00:25:42","asks":[[70617.9,0.0],[70620.5,0.07081099],[70624.5,0.05320685],[70630.4,0.11236384],[70634.1,0.14158185],[70646.9,0.00106981],[70651.2,0.00110214],[70656.7,0.0],[70670.5,0.0046],[70674.3,0.0],[70675.9,0.08489457],[70677.1,0.43060026],[70683.0,0.0],[70684.5,0.08488424],[70692.9,0.0],[70693.6,0.0],[70694.4,0.08487236],[70695.1,0.09159052],[70702.6,0.0],[70704.2,0.08489457],[70707.9,0.14485615],[70711.3,0.0],[70712.8,0.14488424],[70721.2,0.0],[70721.9,0.0],[70722.7,0.08487236],[70723.4,0.08487152],[70726.8,0.0],[70728.3,0.08489962],[70730.9,0.0],[70732.5,0.08489457],[70736.2,0.08485615],[70739.6,0.0],[70741.1,0.08488424],[70749.5,0.0],[70750.2,0.0],[70751.0,0.08487236],[70751.7,0.08487152],[70764.5,0.08504097],[70823.5,0.00106981],[70829.8,0.00016596],[70830.8,0.0],[70831.0,0.0],[70831.8,0.0],[70832.8,0.0]],"bids":[[70601.4,0.0],[70600.0,0.0],[70596.9,0.14454612],[70596.8,0.14241014],[70596.1,0.0],[70584.3,0.0566731],[70578.3,0.0],[70566.6,0.0],[70558.2,0.0],[70530.4,0.08487236],[70528.9,0.08488424],[70528.4,0.00244084],[70527.4,0.08492078],[70526.7,0.00247317],[70524.1,0.08485615],[70508.4,0.08487152],[70506.9,0.0],[70502.1,0.08487236],[70500.6,0.08488424],[70499.1,0.23085402],[70497.6,0.0848846],[70495.8,0.08485615],[70494.9,0.08489457],[70493.4,8.447e-05],[70480.1,0.22606571],[70478.6,1.15655381],[70477.5,0.09107501],[70473.9,0.08512828],[70472.4,0.08524262],[70470.9,0.08494073],[70469.4,0.0848846],[70467.6,0.08485615],[70466.7,0.08489457],[70465.2,0.0],[70451.9,0.08487152],[70450.4,0.0],[70449.4,0.0],[70449.0,0.0],[70448.5,0.0],[70448.3,0.0]],"_doc":"22aa532a-c19f-4f02-bb68-fd7f849bfb48"},{"receive_time":1712791542.304,"timestamp":"2024-04-11 00:25:42","asks":[[70603.9,2.10650592],[70607.6,0.00323352],[70610.8,0.00771247],[70624.5,0.0],[70625.3,0.17624056],[70625.4,0.0],[70630.4,0.0],[70637.6,4.08248162],[70639.2,0.0],[70671.0,0.0],[70678.5,0.01676606],[70679.3,0.0],[70679.4,0.04244519],[70679.9,0.02],[70680.0,0.02],[70682.7,0.0],[70684.2,0.0848846],[70685.1,0.0],[70686.6,0.25471316],[70691.1,0.0],[70692.4,0.08487476],[70706.4,0.0],[70711.0,0.0],[70712.5,0.0848846],[70713.4,0.0],[70714.9,0.16983144],[70719.2,0.0],[70720.7,0.08489995],[70728.7,1.20307],[70730.2,0.08489734],[70734.7,0.0],[70739.3,0.0],[70740.8,0.0848846],[70747.5,0.0],[70749.0,0.09903175],[70763.0,0.0],[70830.0,0.00138481],[70830.6,0.00033528],[70830.8,1e-05],[70831.0,0.00082899],[70831.8,2.269e-05],[70832.8,0.00224721]],"bids":[[70600.0,0.0702],[70597.8,0.0283],[70588.9,0.01077848],[70586.8,0.0],[70586.3,0.0],[70584.2,0.17624062],[70580.6,0.021249],[70576.6,1.16721762],[70575.6,0.00323352],[70575.4,0.0],[70569.4,0.078692],[70558.4,0.71427802],[70531.0,0.25032572],[70529.5,0.00016126],[70525.9,0.0848846],[70524.4,0.0],[70522.6,0.0],[70515.7,0.08487476],[70514.2,7.891e-05],[70503.9,0.08489734],[70502.7,0.08491572],[70502.4,0.0],[70501.2,0.0],[70497.6,0.16978602],[70496.1,2.066e-05],[70494.3,1.007e-05],[70487.4,0.08487476],[70485.9,0.00016786],[70475.7,0.08489734],[70474.5,0.08495592],[70474.2,0.0],[70473.0,0.00043723],[70469.4,0.16978602],[70467.9,0.0],[70466.1,0.0],[70447.4,0.0],[70447.0,0.0],[70446.9,0.0]],"_doc":"7e789a29-67a1-4be9-a651-3ac0b7838aa0"},{"receive_time":1712791542.204,"timestamp":"2024-04-11 00:25:42","asks":[[70603.9,2.10973944],[70604.0,0.18185628],[70606.8,0.0],[70608.5,0.0],[70610.3,0.16],[70610.5,0.05801843],[70612.1,0.1459544],[70612.3,0.0],[70613.3,0.0],[70613.7,0.00136102],[70617.0,0.0],[70617.9,0.1416143],[70618.2,0.0],[70618.8,0.0212453],[70620.1,0.0],[70620.5,0.11852747],[70622.8,0.0],[70622.9,0.0],[70623.1,0.0],[70624.5,0.1762384],[70625.5,0.0],[70626.7,0.0],[70638.0,0.44752215],[70639.2,4.08248162],[70641.6,0.14156677],[70657.6,0.0],[70671.0,0.02759265],[70676.5,0.10503312],[70680.5,0.335],[70682.0,0.0],[70685.8,0.00804252],[70686.6,0.16979744],[70693.7,0.01676245],[70722.0,0.08488172],[70728.5,0.0],[70757.3,0.08488172],[70792.7,0.08488172],[70828.0,0.08488172],[70829.9,0.02117859]],"bids":[[70600.0,0.0],[70599.8,0.00469814],[70597.8,0.0],[70596.3,0.0],[70596.1,0.04493905],[70594.2,0.0],[70593.4,0.04212001],[70593.0,0.0283],[70592.3,0.0],[70589.4,0.0],[70586.8,0.01077848],[70586.7,0.01416696],[70585.7,0.04],[70585.2,0.0],[70584.8,0.0],[70584.7,0.0],[70584.6,0.0],[70584.2,0.17624175],[70582.1,0.0],[70580.5,0.0],[70580.4,0.0],[70580.2,0.0],[70578.8,0.20100002],[70578.3,0.14169356],[70578.0,0.26915],[70577.9,0.1000078],[70577.5,0.14169509],[70575.3,0.0],[70573.3,0.0212453],[70568.7,0.20100008],[70568.1,0.0],[70568.0,0.0702],[70567.0,0.0],[70564.7,0.003],[70564.6,0.53829],[70564.1,0.14172196],[70513.6,0.00128997],[70513.1,0.0],[70478.1,0.0],[70448.5,0.08503532],[70448.3,0.13278697],[70447.4,0.00143485],[70447.0,8.546e-05],[70446.9,2.257e-05]],"_doc":"7a28b819-8888-4635-9451-35213c7a371a"},{"receive_time":1712791542.104,"timestamp":"2024-04-11 00:25:42","asks":[[70603.9,1.63138988],[70605.7,0.04385622],[70606.1,0.0566731],[70606.8,0.00136102],[70608.5,0.00771247],[70609.1,0.20100006],[70609.2,0.335],[70609.9,0.0],[70610.5,0.04385622],[70611.0,0.004281],[70611.9,0.0],[70614.5,0.30135167],[70615.0,0.547329],[70617.0,0.01416091],[70618.6,0.0],[70623.1,0.0212453],[70625.4,0.04721286],[70626.7,0.17623332],[70628.7,0.0],[70630.4,0.11236384],[70631.8,0.0],[70633.6,0.0],[70633.7,0.0],[70646.9,0.0],[70651.3,0.0],[70653.8,0.20100007],[70662.3,0.0],[70666.5,0.08490587],[70675.0,0.08489565],[70679.1,0.0],[70679.2,0.0],[70679.3,0.02],[70679.4,0.06244519],[70680.3,0.0],[70685.1,0.08491752],[70703.3,0.08489565],[70720.5,0.0],[70755.8,0.0],[70791.2,0.0],[70823.5,0.0],[70826.5,0.0],[70827.8,0.0],[70828.8,0.00264193],[70829.8,1.489e-05]],"bids":[[70603.8,0.050086],[70602.6,0.0],[70601.0,0.0],[70599.5,0.0],[70599.4,0.0],[70599.2,0.0],[70599.1,0.0],[70598.5,0.0],[70597.6,0.0],[70597.5,0.0],[70595.2,0.0],[70594.6,0.0283],[70594.2,0.01077848],[70593.0,0.04246569],[70592.3,0.335],[70592.2,0.0],[70591.0,0.0],[70590.1,0.048],[70589.2,0.0],[70588.1,0.0],[70587.0,0.0],[70586.2,0.0],[70586.0,0.0],[70584.8,0.10574003],[70584.7,0.17623332],[70584.6,0.14168082],[70582.1,0.1000078],[70578.3,0.16293886],[70568.0,0.2119142],[70564.6,0.0],[70563.5,0.0],[70542.4,1.19997197],[70542.2,2.15781498],[70535.0,0.08489565],[70528.4,0.0],[70526.7,0.0],[70453.9,0.00014193],[70453.5,1.252e-05],[70453.2,0.00307887],[70452.4,0.1459544],[70452.3,0.335],[70451.1,0.00063599],[70451.0,1.009e-05],[70450.8,2.559e-05],[70450.7,3.052e-05],[70450.4,0.08487332],[70450.0,0.00430316],[70449.9,2.436e-05],[70449.6,0.00118504],[70449.4,0.000178],[70449.0,1.508e-05]],"_doc":"a1ce7bfa-6c88-4a43-a2bd-0da182cc2746"},{"receive_time":1712791542.004,"timestamp":"2024-04-11 00:25:42","asks":[[70629.4,0.1459544],[70630.4,0.0],[70631.8,0.17622808],[70658.2,0.0],[70662.4,0.09340079],[70664.6,0.0],[70668.8,0.0849031],[70671.3,0.0],[70671.7,0.08489962],[70671.9,0.08489938],[70674.4,0.0],[70698.7,0.0],[70700.0,0.09169904],[70700.2,0.08489938],[70701.8,0.0],[70827.8,0.00110214],[70828.7,1.675e-05]],"bids":[[70591.1,0.0],[70589.2,0.1057369],[70588.1,0.17622808],[70587.1,0.0],[70538.7,0.0849031],[70534.6,0.15002363],[70533.5,0.0],[70530.5,0.08489938],[70529.0,0.0],[70527.4,0.16980683]],"_doc":"1f82e8c8-16c1-4560-a2e0-c3363fea2a28"},{"receive_time":1712791541.904,"timestamp":"2024-04-11 00:25:41","asks":[[70671.0,0.0],[70698.5,0.0],[70827.9,0.01179868],[70828.2,2.707e-05]],"bids":[[70603.8,0.84783818],[70525.9,0.0],[70454.0,3.264e-05]],"_doc":"05a399b1-8a55-400a-971e-9d82f6b2545a"},{"receive_time":1712791541.804,"timestamp":"2024-04-11 00:25:41","asks":[[70630.4,0.11236384],[70654.1,0.0],[70658.3,0.16983144],[70668.4,0.08490358],[70672.9,0.0],[70673.6,0.08489734],[70679.1,0.02],[70679.3,0.0],[70700.4,0.0],[70701.9,0.08489734],[70827.8,0.0],[70827.9,0.0]],"bids":[[70542.3,0.08951572],[70532.2,0.08489734],[70530.7,0.0]],"_doc":"86aced91-b7f8-4bc3-ac06-66758ad38c09"},{"receive_time":1712791541.704,"timestamp":"2024-04-11 00:25:41","asks":[[70630.4,0.0],[70654.1,0.08492077],[70664.3,0.0],[70827.8,0.00110214],[70827.9,0.01179868]],"bids":[[70538.2,0.0],[70454.1,0.00047075]],"_doc":"4f306163-3285-4975-a894-0aef4c78bf87"},{"receive_time":1712791541.504,"timestamp":"2024-04-11 00:25:41","asks":[[70629.4,0.32218266],[70630.4,0.11236384],[70631.8,0.0]],"bids":[[70591.1,0.06000472],[70589.2,0.0],[70588.1,0.0],[70587.1,0.1762298]],"_doc":"681391a4-2e0c-44db-b03c-bd8bcdbc663e"},{"receive_time":1712791541.404,"timestamp":"2024-04-11 00:25:41","asks":[[70630.4,0.0],[70631.8,0.17622682],[70827.5,5.88e-05]],"bids":[[70576.3,0.0],[70576.1,0.0],[70574.7,0.0],[70490.2,0.91806201],[70454.7,0.00017443],[70454.5,0.01250637]],"_doc":"ecbb3987-6f26-4dd7-aa97-1ff27816c230"},{"receive_time":1712791541.304,"timestamp":"2024-04-11 00:25:41","asks":[[70679.2,0.02],[70679.4,0.04244519],[70827.5,0.0]],"bids":[],"_doc":"8e9843cd-a24f-4ff6-96bb-afc30e695463"},{"receive_time":1712791541.204,"timestamp":"2024-04-11 00:25:41","asks":[[70630.4,0.11236384],[70679.2,0.0],[70679.4,0.06244519]],"bids":[],"_doc":"fc098be7-ce85-448c-9568-bf6df6851d95"},{"receive_time":1712791541.104,"timestamp":"2024-04-11 00:25:41","asks":[[70630.4,0.0],[70633.6,0.60000009],[70677.0,0.1668638],[70679.2,0.02],[70679.4,0.04244519],[70684.9,0.0]],"bids":[[70577.2,0.0],[70576.3,0.17897108],[70576.1,1.20000001],[70574.7,2.0],[70513.0,0.76130887],[70454.7,0.0],[70454.5,0.0]],"_doc":"12311413-85c8-41b7-8b3f-503c128f6869"},{"receive_time":1712791541.004,"timestamp":"2024-04-11 00:25:41","asks":[[70627.7,1.484e-05],[70628.5,0.0],[70631.8,0.17622781],[70827.9,0.0]],"bids":[[70603.8,0.84843818],[70591.1,0.0],[70589.2,0.10573677],[70588.1,0.17622781],[70587.1,0.0]],"_doc":"3a10075a-ebaa-4a72-8dc8-ea65868c1f9b"},{"receive_time":1712791540.904,"timestamp":"2024-04-11 00:25:40","asks":[[70628.5,0.17622938],[70630.4,0.11236384],[70631.8,0.0],[70633.7,1.0],[70679.2,0.0],[70679.4,0.06244519],[70738.2,0.0],[70738.3,1.416e-05],[70827.8,0.0]],"bids":[[70591.1,0.06000475],[70589.2,0.0],[70588.1,0.0],[70587.1,0.17622938],[70529.1,0.67],[70522.2,0.0],[70478.1,0.00610994],[70454.1,0.0]],"_doc":"5d722e0d-068d-4a38-a2b2-4e0488ce0b4b"},{"receive_time":1712791540.804,"timestamp":"2024-04-11 00:25:40","asks":[[70630.4,0.0],[70660.6,0.01162403],[70672.0,0.0],[70680.5,0.36258895],[70691.7,0.0],[70827.8,0.00110215],[70827.9,0.01179868]],"bids":[[70538.0,0.04244519],[70530.3,0.18002829],[70528.3,0.32839742],[70522.0,0.0]],"_doc":"dec85c00-3758-44a4-a2ef-476f5ca3f7fa"},{"receive_time":1712791540.704,"timestamp":"2024-04-11 00:25:40","asks":[],"bids":[[70603.8,0.85063416],[70552.0,0.00739307],[70547.1,0.0],[70514.3,0.0],[70513.1,0.00129]],"_doc":"dcb6ac71-d08a-4b22-be9c-25b5d45bb26f"},{"receive_time":1712791540.604,"timestamp":"2024-04-11 00:25:40","asks":[[70629.9,0.0],[70630.4,0.11236384],[70631.8,0.17622818],[70827.8,0.0]],"bids":[[70475.6,0.0],[70454.1,0.00047075]],"_doc":"6320cbe6-e25f-492e-a932-e6192c6c9faa"},{"receive_time":1712791540.504,"timestamp":"2024-04-11 00:25:40","asks":[[70630.4,0.0],[70827.8,0.00110215]],"bids":[[70603.8,0.85283566],[70599.2,0.00386906],[70459.6,0.01478571],[70454.1,0.0],[70454.0,0.0]],"_doc":"641cd599-d940-4fcc-8ed9-932710efa0d9"},{"receive_time":1712791540.404,"timestamp":"2024-04-11 00:25:40","asks":[[70672.0,0.01162201],[70691.7,0.02758455],[70827.7,0.0],[70827.9,0.0]],"bids":[[70589.6,0.0],[70530.3,0.19167363],[70522.0,0.02765094],[70517.0,2.701e-05],[70516.3,0.00216628],[70514.3,0.00129],[70514.1,0.0],[70493.0,0.14127913],[70453.9,0.0],[70453.5,0.0]],"_doc":"c9ecab06-eccb-42ee-a5e3-34e065506d95"},{"receive_time":1712791540.304,"timestamp":"2024-04-11 00:25:40","asks":[[70629.3,0.0],[70629.9,0.17622823],[70630.4,0.11236384],[70653.9,0.335],[70674.0,0.0],[70679.2,0.02],[70679.3,0.02],[70680.2,0.0],[70680.3,0.20100003],[70737.8,0.0],[70738.2,1.416e-05],[70746.5,0.0],[70747.0,4.249e-05],[70828.2,0.0]],"bids":[[70600.9,0.0],[70600.7,0.0],[70599.1,0.00082908],[70516.9,0.0],[70511.1,0.0],[70476.8,0.0],[70454.1,0.00047075],[70454.0,3.264e-05],[70453.9,0.00014193],[70453.5,1.252e-05]],"_doc":"93e7b9d8-9050-4ad8-b0cc-0cded337bac8"},{"receive_time":1712791540.204,"timestamp":"2024-04-11 00:25:40","asks":[[70630.4,0.0],[70827.7,0.00110215],[70827.8,0.0],[70828.2,2.707e-05]],"bids":[[70591.1,0.0],[70589.2,0.10573721],[70588.1,0.17622858],[70587.1,0.0],[70576.9,0.0],[70454.5,0.01250637]],"_doc":"b51c1e6b-a8ac-4aa8-8b38-a9aea6dc54a3"},{"receive_time":1712791540.104,"timestamp":"2024-04-11 00:25:40","asks":[[70628.5,0.0],[70629.3,0.17622868],[70638.0,2.40686765],[70672.8,0.31492561],[70686.5,0.0],[70694.7,0.0],[70763.2,0.02954923],[70827.8,0.00110215]],"bids":[[70591.1,0.06000473],[70589.1,0.02115],[70587.1,0.17622868],[70454.5,0.0]],"_doc":"2b828177-3332-4795-a2a8-b82eefab5ec7"},{"receive_time":1712791540.004,"timestamp":"2024-04-11 00:25:40","asks":[[70628.5,0.17623017],[70630.4,0.11236384],[70631.8,0.0],[70828.2,0.0]],"bids":[[70591.1,0.06000469],[70588.2,0.0],[70588.1,0.0],[70587.1,0.17623017]],"_doc":"0f7a7f9c-22ff-4445-a137-cf9fae6b47ec"},{"receive_time":1712791539.904,"timestamp":"2024-04-11 00:25:39","asks":[[70615.0,0.1094658],[70629.3,0.0],[70630.4,0.0],[70631.8,0.17622732],[70639.2,4.10467982],[70642.6,0.0],[70651.7,0.0],[70651.8,0.0],[70827.9,0.01179868],[70828.2,2.707e-05]],"bids":[[70591.1,0.0],[70588.2,0.10573639],[70588.1,0.17622732],[70587.1,0.0],[70525.0,0.00739328],[70519.3,0.0]],"_doc":"e7a27233-242d-4ce6-a5c6-35cf1cdb1c58"},{"receive_time":1712791539.804,"timestamp":"2024-04-11 00:25:39","asks":[[70639.4,0.89631623],[70642.6,4.10467982],[70642.7,0.0],[70679.2,0.0],[70679.3,0.0],[70680.2,0.02],[70680.3,0.22100003],[70827.5,5.88e-05]],"bids":[[70603.8,0.85274966],[70576.9,0.034995],[70459.2,0.08487476],[70454.1,0.0],[70454.0,0.0]],"_doc":"dab7615f-6ff1-4baa-8eee-cbbf6838922d"},{"receive_time":1712791539.704,"timestamp":"2024-04-11 00:25:39","asks":[[70603.9,0.74559684],[70609.9,0.0566731],[70615.9,0.335],[70623.5,0.0],[70625.5,0.04976243],[70628.9,0.02148175],[70629.1,0.0],[70629.3,0.17622794],[70630.4,0.11236384],[70634.0,0.0],[70634.1,0.0],[70639.4,4.96539096],[70640.6,0.0],[70678.7,0.0],[70678.8,0.0],[70679.2,0.02],[70679.3,0.02]],"bids":[[70603.8,0.97380368],[70596.8,0.00075373],[70591.1,0.06000477],[70588.2,0.0],[70588.1,0.0],[70587.1,0.17622794],[70520.5,0.0],[70520.4,0.00030746]],"_doc":"2cb5846e-a0cd-40d9-bebe-424d84e91be8"},{"receive_time":1712791539.604,"timestamp":"2024-04-11 00:25:39","asks":[[70603.9,0.68595342],[70613.2,0.30686145],[70614.7,0.01720919],[70615.9,0.339271],[70616.9,0.36061],[70618.2,0.16],[70618.6,0.01416058],[70618.9,0.0],[70619.9,0.0],[70620.4,0.26915],[70620.7,0.42071],[70621.0,0.0],[70622.8,0.08496259],[70623.5,0.16149007],[70623.6,0.0],[70624.6,0.02921165],[70627.3,0.0],[70627.4,0.0],[70628.7,0.0212453],[70628.8,0.70787],[70629.1,0.04658783],[70630.4,0.0],[70633.8,0.53829],[70634.0,0.10573463],[70635.3,0.0],[70640.7,0.0],[70651.7,0.42000004],[70653.7,0.0],[70653.8,0.0],[70678.5,0.02136606],[70678.6,0.0],[70678.7,0.02],[70678.8,0.02],[70680.3,0.20100003],[70690.0,0.01726538],[70693.7,0.02480497],[70694.7,0.18670426],[70827.5,0.0],[70827.9,0.0],[70828.2,0.0],[70828.7,0.0],[70828.8,0.0]],"bids":[[70594.6,0.1883],[70586.3,0.021246],[70584.6,0.16292612],[70584.1,0.26333778],[70581.3,0.0],[70580.7,0.0],[70575.4,0.078684],[70569.3,0.05074495],[70564.9,0.0],[70505.9,0.0],[70503.6,0.0],[70501.3,0.0851048],[70455.9,0.01347056],[70454.0,3.264e-05]],"_doc":"f1987519-da02-41ef-9254-e9d8d6b95f97"},{"receive_time":1712791539.504,"timestamp":"2024-04-11 00:25:39","asks":[[70603.9,0.08494342],[70609.6,0.0],[70613.2,0.00635145],[70613.3,0.00136102],[70613.4,0.0],[70613.8,0.0],[70614.2,0.0],[70615.0,0.0],[70616.9,0.0],[70618.7,0.0],[70618.9,0.01416052],[70619.9,0.30051],[70620.7,0.0],[70620.9,0.0],[70621.0,0.21636606],[70622.9,0.14160421],[70623.5,0.21679083],[70623.6,0.36061],[70624.5,0.0],[70625.2,0.0],[70627.3,0.26915],[70627.4,0.42071],[70628.2,0.0],[70628.3,0.0],[70628.6,0.44160426],[70628.7,0.70787],[70629.3,0.0],[70629.7,0.0],[70631.4,0.0007079],[70632.5,0.0],[70634.1,0.17622435],[70634.2,0.0],[70634.3,0.0],[70638.0,0.44752215],[70639.2,0.0],[70640.0,0.94202762],[70640.6,4.06907473],[70640.7,0.53829],[70648.1,0.1600371],[70648.6,0.24786183],[70649.9,0.0],[70657.6,0.14153461],[70665.3,0.72943056],[70668.9,0.0],[70670.1,0.24213606],[70684.9,0.71882407],[70686.5,0.25671363],[70828.2,2.707e-05],[70828.7,1.675e-05],[70828.8,0.00264193]],"bids":[[70603.8,1.44154104],[70600.9,0.00082908],[70600.7,0.00386906],[70596.8,0.01153221],[70595.2,0.01416526],[70592.4,0.0],[70591.0,0.1000078],[70590.7,0.0],[70590.6,0.0],[70588.2,0.10573489],[70588.1,0.17622468],[70586.3,0.0],[70586.1,0.0],[70584.6,0.14168082],[70581.4,0.0],[70581.1,0.0],[70577.1,0.0],[70575.9,0.0],[70574.3,0.0],[70572.8,0.0],[70572.7,0.0],[70572.1,0.32839744],[70482.5,0.0],[70455.1,0.00022031],[70455.0,0.00481711],[70454.7,0.00017443],[70454.5,0.01250637],[70454.1,0.00047075]],"_doc":"5d11c988-86c3-4a51-ac17-e4713f004cf1"},{"receive_time":1712791539.404,"timestamp":"2024-04-11 00:25:39","asks":[[70612.9,0.0],[70628.2,0.17623194],[70629.2,0.0],[70630.4,0.11236384]],"bids":[[70596.8,0.00075373],[70587.1,0.0],[70586.3,0.17623194],[70574.3,0.17897615],[70572.8,0.60000003],[70572.7,1.0],[70572.3,0.0],[70499.8,0.00038853],[70455.1,0.0],[70455.0,0.0]],"_doc":"ef31f4d5-fb90-4d47-b723-efb3c5f92334"},{"receive_time":1712791539.304,"timestamp":"2024-04-11 00:25:39","asks":[[70630.4,0.0],[70827.9,0.01179868]],"bids":[[70475.6,0.00611015],[70454.7,0.0]],"_doc":"0dd3c591-ab72-4441-bf90-072e84b56894"},{"receive_time":1712791539.204,"timestamp":"2024-04-11 00:25:39","asks":[[70628.2,0.0],[70629.2,0.17622981],[70678.5,0.04136606],[70678.7,0.0],[70827.5,5.88e-05]],"bids":[[70587.1,0.17622981],[70586.3,0.0],[70580.4,0.26915],[70575.9,0.034995],[70454.5,0.0]],"_doc":"394588be-4b15-4155-97fd-3a7ce1c8ee56"},{"receive_time":1712791539.104,"timestamp":"2024-04-11 00:25:39","asks":[[70603.9,0.82987769],[70624.5,0.04865127],[70626.3,0.078688],[70628.2,0.17623142],[70630.4,0.11236384],[70672.8,0.10777463],[70678.6,0.02],[70678.7,0.02],[70678.9,0.0],[70679.3,0.0],[70737.3,0.0],[70737.8,1.416e-05],[70746.1,0.0],[70746.5,4.249e-05],[70827.5,0.0],[70827.9,0.0]],"bids":[[70580.4,0.304145],[70568.7,0.40747236]],"_doc":"15b88776-5be2-4fb7-8bcd-1299a2a70467"},{"receive_time":1712791539.004,"timestamp":"2024-04-11 00:25:39","asks":[[70630.4,0.0],[70827.9,0.01179868]],"bids":[[70580.1,0.0],[70477.5,0.08496502],[70454.5,0.01250637]],"_doc":"55b36407-b3db-4240-8864-5a2933dc4a97"},{"receive_time":1712791538.904,"timestamp":"2024-04-11 00:25:38","asks":[[70603.9,0.69493427],[70612.9,0.004271],[70626.7,0.0],[70628.2,0.17623179],[70654.6,0.7],[70678.5,0.02136606],[70678.6,0.0],[70678.9,0.02],[70679.3,0.02],[70827.8,0.0],[70827.9,0.0],[70828.2,0.0]],"bids":[[70603.8,0.74502847],[70596.8,0.01153221],[70586.3,0.17623323],[70584.1,0.0],[70580.1,0.034995],[70522.2,0.67],[70520.4,0.0],[70454.5,0.0]],"_doc":"671ad123-2958-4256-b6d0-466faffe70e7"},{"receive_time":1712791538.804,"timestamp":"2024-04-11 00:25:38","asks":[[70613.9,0.0],[70620.5,0.07081099],[70626.7,0.17623365],[70630.4,0.11236384],[70632.8,0.0],[70634.2,0.32297407],[70652.0,0.0],[70678.5,0.04136606],[70678.7,0.0],[70709.2,0.15479]],"bids":[[70603.8,0.65455329],[70584.1,0.17623365],[70580.0,0.0702],[70573.6,0.0],[70511.1,0.02765522]],"_doc":"beb2d592-da77-42f3-a389-9674206c7a87"},{"receive_time":1712791538.704,"timestamp":"2024-04-11 00:25:38","asks":[[70630.4,0.0],[70632.8,1.0],[70634.2,0.0],[70677.0,0.14771627],[70681.2,0.0840265],[70828.7,0.0]],"bids":[[70603.8,0.58282556],[70573.6,1.0],[70454.1,0.0]],"_doc":"e43d9eb8-ce07-423c-836e-22df4d85120d"},{"receive_time":1712791538.604,"timestamp":"2024-04-11 00:25:38","asks":[[70609.1,0.0],[70609.2,0.0],[70611.9,0.07119462],[70678.6,0.02],[70678.7,0.02],[70680.2,0.0],[70680.3,0.0],[70828.7,1.675e-05]],"bids":[[70603.8,0.57218214],[70596.8,0.00075373],[70568.6,0.0]],"_doc":"7107bae6-fcec-46d3-95cb-ff8d7e868940"},{"receive_time":1712791538.504,"timestamp":"2024-04-11 00:25:38","asks":[[70630.4,0.11236384],[70735.7,0.0],[70737.3,1.416e-05],[70744.5,0.0],[70746.1,4.249e-05],[70828.7,0.0]],"bids":[],"_doc":"3b425fb8-dfc7-4c40-8630-c003eba85fb3"},{"receive_time":1712791538.404,"timestamp":"2024-04-11 00:25:38","asks":[[70630.4,0.0],[70675.6,0.02217731]],"bids":[[70514.3,0.0],[70514.1,0.0012901]],"_doc":"01e620b5-786d-4f66-aee3-9fee23045432"},{"receive_time":1712791538.304,"timestamp":"2024-04-11 00:25:38","asks":[[70626.2,0.0],[70626.7,0.17623403]],"bids":[[70584.1,0.17623407]],"_doc":"367a80ba-f48a-4be4-bbb9-ec79cd41c8b7"},{"receive_time":1712791538.204,"timestamp":"2024-04-11 00:25:38","asks":[[70609.0,0.0283],[70626.2,0.17623559],[70626.7,0.0],[70630.4,0.11236384],[70639.7,0.1],[70828.8,0.0],[70829.8,0.0],[70829.9,0.0]],"bids":[[70602.6,0.0283],[70599.5,0.21798002],[70598.5,0.335],[70586.3,0.0],[70584.1,0.17623559],[70499.8,0.15951751],[70499.5,0.0],[70454.0,0.0]],"_doc":"e0931f13-1b9e-45fc-9844-8650001feedb"},{"receive_time":1712791538.104,"timestamp":"2024-04-11 00:25:38","asks":[[70626.2,0.0],[70626.7,0.17623408],[70630.4,0.0],[70638.0,2.40656786],[70665.3,0.0],[70670.1,0.0],[70676.8,0.0],[70679.0,0.0],[70679.3,0.0],[70679.4,0.04244519],[70680.2,0.02],[70680.3,0.02],[70684.9,0.0],[70828.2,2.707e-05],[70828.7,1.675e-05],[70828.8,0.00264193],[70829.8,1.489e-05],[70829.9,0.02117859]],"bids":[[70586.3,0.17623408],[70584.1,0.0],[70577.2,0.5450304],[70522.7,0.67328836],[70517.0,0.00219337],[70516.7,0.0],[70495.4,0.0],[70491.4,0.0],[70486.5,0.00038887],[70454.5,0.01250637],[70454.1,0.00047075],[70454.0,3.264e-05]],"_doc":"7a2d493d-6a5f-499f-a6c9-29971cf6847c"},{"receive_time":1712791538.004,"timestamp":"2024-04-11 00:25:38","asks":[],"bids":[[70602.6,0.1432884]],"_doc":"a4ecd0fc-ad0d-4dbc-9f38-bab9e23abc55"},{"receive_time":1712791537.904,"timestamp":"2024-04-11 00:25:37","asks":[[70610.6,0.0283],[70626.2,0.17623547],[70628.2,0.0],[70630.4,0.11236384],[70827.8,0.00110215],[70828.2,0.0],[70828.7,0.0],[70828.8,0.0]],"bids":[[70603.8,0.56756354],[70586.3,0.0],[70584.1,0.17623547],[70572.0,0.495221],[70556.5,0.0],[70550.6,0.0],[70550.5,1.416e-05],[70550.3,0.20100007],[70549.3,0.0],[70547.0,0.0386339],[70542.0,0.0],[70541.9,4.249e-05]],"_doc":"ca7defe9-e374-441c-acbd-2d2ba3983c1f"},{"receive_time":1712791537.804,"timestamp":"2024-04-11 00:25:37","asks":[[70614.5,0.21636604],[70615.0,0.1094658],[70630.4,0.0],[70651.3,0.00110215],[70823.5,0.0010697],[70829.8,0.0]],"bids":[[70603.8,0.50002618],[70602.6,0.1149884],[70601.1,0.0],[70597.6,0.00386906],[70597.5,0.00082908],[70568.1,0.72099561],[70454.5,0.0],[70454.1,0.0],[70454.0,0.0]],"_doc":"54f1198a-18ed-4a7f-9751-97239fd38560"},{"receive_time":1712791537.704,"timestamp":"2024-04-11 00:25:37","asks":[[70614.2,0.01699626],[70637.7,0.02],[70646.9,0.0010697],[70678.7,0.0],[70678.8,0.0],[70679.0,0.02],[70679.4,0.06244519],[70776.1,0.0002285],[70829.9,0.0],[70830.0,0.0]],"bids":[[70603.8,0.52207336],[70602.7,0.0],[70601.1,0.04212005],[70598.6,0.0],[70598.5,0.0],[70566.6,0.0046],[70561.9,0.0],[70528.4,0.00244051],[70526.7,0.00247296],[70494.0,0.15275373],[70477.5,0.09107501],[70453.9,0.0]],"_doc":"9e6d97bb-89b1-4247-abfa-0ea8296a2025"},{"receive_time":1712791537.604,"timestamp":"2024-04-11 00:25:37","asks":[[70612.2,0.1012],[70615.1,0.0],[70618.7,0.14161258],[70622.5,0.0],[70622.6,0.0],[70630.4,0.11236384],[70738.5,0.0],[70780.3,0.2],[70830.0,0.00138481]],"bids":[[70603.8,0.55888028],[70603.0,0.0],[70602.6,0.0],[70598.2,0.0],[70596.3,0.04212002],[70592.2,0.0566731],[70588.1,0.0],[70568.2,0.0],[70514.8,0.0],[70514.7,0.0],[70490.0,3.00012337],[70454.7,0.00017443],[70454.5,0.01250637],[70454.1,0.00047075],[70454.0,3.264e-05],[70453.9,0.00014193]],"_doc":"ff1e64ca-34ba-4b1d-a2b8-07432c4b18b1"},{"receive_time":1712791537.504,"timestamp":"2024-04-11 00:25:37","asks":[[70609.1,0.201],[70609.2,0.335],[70610.9,0.0],[70612.2,0.0283],[70613.2,0.30051],[70614.5,0.30135166],[70615.0,0.547329],[70628.2,0.17623198],[70630.4,0.0],[70631.3,0.0],[70639.2,4.1041802],[70639.9,0.0],[70651.3,0.0],[70653.9,0.34662509],[70662.4,0.00849],[70674.0,0.02759146],[70678.5,0.02136606],[70678.6,0.0],[70678.8,0.02],[70830.0,0.0],[70830.6,0.0]],"bids":[[70603.8,0.80329913],[70603.0,0.04478],[70602.7,0.08498843],[70601.1,0.0],[70600.9,0.0],[70599.7,0.0],[70598.2,0.25500007],[70598.1,0.05],[70596.9,0.0],[70596.8,0.0],[70596.5,0.0],[70595.9,0.0],[70592.3,0.375],[70590.4,0.0],[70587.1,0.0],[70586.3,0.17623198],[70533.9,0.2],[70528.4,0.0],[70526.7,0.0],[70516.9,0.01164766],[70455.9,1.521e-05],[70455.8,1.009e-05],[70455.5,0.547329],[70455.1,0.00022031],[70455.0,0.00481711]],"_doc":"d1de7434-3d8b-47f6-83b1-60cc8e64eeb5"},{"receive_time":1712791537.404,"timestamp":"2024-04-11 00:25:37","asks":[[70628.3,0.02073964],[70647.9,0.0],[70670.1,0.24213602],[70671.8,0.0],[70678.6,0.02],[70678.7,0.02],[70678.8,0.0],[70678.9,0.0],[70679.3,0.20100004],[70684.9,0.55979534],[70686.5,0.0],[70830.8,0.0]],"bids":[[70580.0,0.105195],[70510.4,0.0],[70507.9,0.0046],[70471.8,0.0],[70456.1,4.218e-05]],"_doc":"e3eb3e91-133b-4484-ab9b-4646992c68e6"},{"receive_time":1712791537.304,"timestamp":"2024-04-11 00:25:37","asks":[[70611.8,0.00982541],[70613.8,0.01416154],[70630.4,0.11236384],[70639.9,4.1041802],[70641.0,0.0],[70642.7,0.71812209],[70651.3,0.00110215],[70653.0,0.00015107],[70665.3,0.72943055],[70668.0,0.0],[70677.6,0.0],[70678.8,0.02],[70678.9,0.02],[70679.4,0.04244519],[70680.5,0.335],[70686.5,0.80193134],[70696.3,0.0],[70707.7,0.04244519],[70724.6,0.0],[70733.3,0.0],[70735.7,1.416e-05],[70736.0,0.04244519],[70742.0,0.0],[70744.5,4.249e-05],[70827.4,0.0],[70829.8,0.00016596],[70831.0,0.0],[70831.8,0.0],[70832.8,0.0],[70833.0,0.0],[70833.2,0.0]],"bids":[[70602.7,0.0],[70601.1,0.11334008],[70568.2,0.0046],[70550.6,1.416e-05],[70542.0,4.249e-05],[70540.0,0.0],[70531.3,0.03],[70520.5,0.00030747],[70518.4,1.12224035],[70514.3,0.00129004],[70512.2,0.0],[70509.7,0.05485781],[70498.3,0.0],[70481.5,0.04244519],[70470.1,2.535e-05],[70456.1,0.0],[70455.9,0.0],[70455.8,0.0]],"_doc":"e343cd22-dee2-4308-92ad-4fcb86955d48"},{"receive_time":1712791537.204,"timestamp":"2024-04-11 00:25:37","asks":[[70613.2,0.304781],[70614.2,0.0],[70618.7,0.0],[70620.8,0.0],[70622.5,0.08496295],[70630.0,0.64940627],[70630.4,0.0],[70631.4,0.0],[70638.2,0.05312393],[70641.0,6.56668838],[70641.8,0.1415664],[70642.3,0.0],[70642.4,0.0],[70648.0,0.0],[70649.8,0.0],[70651.3,0.00125322],[70676.8,0.16746304],[70676.9,0.0],[70685.3,1.19804],[70686.6,0.08491572],[70691.5,0.0],[70696.7,0.08490358],[70702.9,0.08486215],[70703.5,0.0],[70713.6,0.1459544],[70714.9,0.08491572],[70719.8,0.0],[70720.6,0.0046],[70725.0,0.08590443],[70731.2,0.08486215],[70748.1,1.019e-05],[70759.5,0.23081655],[70826.2,0.0],[70827.4,0.00015107],[70832.8,0.00224721],[70833.0,0.0003996],[70833.2,0.00111237]],"bids":[[70590.7,0.04800003],[70589.8,0.0],[70588.5,0.0],[70588.1,0.0566731],[70587.1,0.17622848],[70564.7,0.1489544],[70559.5,0.0],[70534.5,0.26137929],[70534.0,0.08490358],[70522.6,0.08485795],[70518.4,1.12254782],[70516.3,0.0],[70514.0,0.23087012],[70512.2,0.0012901],[70510.1,0.0],[70505.7,0.08490358],[70505.0,0.08486215],[70502.6,0.0],[70494.3,0.08486802],[70493.6,0.0],[70486.8,0.0],[70485.8,0.08491572],[70480.1,0.14119419],[70477.5,0.08496502],[70476.7,0.08530595],[70474.4,0.0],[70466.1,0.08485795],[70465.4,0.0],[70455.9,1.521e-05],[70455.8,1.009e-05]],"_doc":"33f53a2c-d638-4b56-ad28-aa3121d01e5c"},{"receive_time":1712791537.104,"timestamp":"2024-04-11 00:25:37","asks":[[70603.9,0.97567675],[70613.2,0.30051],[70614.2,0.004271],[70614.5,0.21636604],[70614.7,0.0],[70616.9,0.36061],[70618.4,0.2571228],[70620.7,0.42071],[70620.8,0.25242608],[70622.2,0.0],[70622.5,0.0],[70625.2,0.0212453],[70627.4,0.70787],[70628.8,0.0],[70629.6,0.0],[70631.3,0.17622817],[70639.0,0.0],[70642.3,2.46250821],[70642.4,4.1041802],[70642.7,0.0],[70643.1,0.0],[70645.4,0.42469],[70647.8,0.0],[70651.3,0.00110215],[70652.6,0.0],[70665.3,0.0],[70667.3,0.02122732],[70669.3,0.0],[70671.4,0.00739357],[70672.8,0.02770804],[70672.9,0.08489818],[70676.8,0.0],[70680.3,0.0],[70680.5,0.44003312],[70681.0,0.0],[70684.9,0.0],[70685.1,0.16980104],[70690.2,0.0848774],[70690.7,0.08491079],[70694.8,0.08490587],[70707.1,0.0],[70711.7,0.0],[70711.9,0.0],[70718.5,0.0848774],[70723.1,0.08490587],[70731.6,0.08489565],[70735.4,0.0],[70746.8,0.0848774]],"bids":[[70603.8,0.93248631],[70602.7,0.13196841],[70596.5,0.01077848],[70594.4,0.0],[70588.4,0.0],[70588.2,0.0],[70588.1,0.23290127],[70584.3,0.0],[70582.7,0.01507336],[70580.7,0.0212453],[70580.5,0.42473409],[70580.1,0.0],[70568.5,0.0],[70563.2,0.00588699],[70548.3,0.0],[70540.2,1.1e-05],[70537.8,0.08490587],[70536.1,0.0],[70528.4,0.00244051],[70528.1,0.0],[70526.7,0.00247299],[70524.1,0.0],[70522.6,0.16977523],[70517.7,0.0848774],[70516.7,0.00216632],[70514.8,0.12000004],[70512.2,0.0],[70512.0,0.0135415],[70509.5,0.08490587],[70508.6,0.28193801],[70508.0,0.0],[70507.9,0.0],[70506.7,0.08489565],[70498.1,0.0],[70489.4,0.0848774],[70489.0,0.0301412],[70486.5,0.25034239],[70484.6,6.837e-05],[70481.3,0.08490587],[70478.5,0.08568706],[70478.0,0.00186923],[70469.9,0.0],[70461.2,0.0848774],[70455.9,0.0],[70455.8,0.0]],"_doc":"a51f1c9d-d57c-451d-8a7d-b6abd9148ddf"},{"receive_time":1712791537.004,"timestamp":"2024-04-11 00:25:37","asks":[[70599.8,0.0],[70602.6,0.0],[70603.9,0.37466675],[70606.1,0.0],[70607.7,0.0],[70609.6,0.00771247],[70610.3,0.0],[70610.9,0.07119462],[70611.0,1e-05],[70611.8,0.02683016],[70612.0,0.0702],[70613.4,0.12],[70614.5,0.22063704],[70614.6,0.0],[70614.7,0.30051],[70618.4,0.6177328],[70618.5,0.0],[70619.2,0.0],[70622.2,0.42071],[70622.5,0.084963],[70622.6,0.14160491],[70624.5,0.0],[70624.7,0.0],[70626.3,0.10192122],[70627.8,0.0],[70628.8,0.0212453],[70629.2,0.0],[70629.6,0.70787],[70630.1,0.70051038],[70630.4,0.10292941],[70631.3,0.17622787],[70639.1,0.0],[70656.7,0.14153657],[70661.5,0.0],[70669.4,0.0],[70675.6,0.0],[70675.7,0.0],[70682.8,0.0],[70683.6,0.02832788],[70685.7,0.0],[70691.8,0.5536644],[70692.7,0.0848744],[70695.6,0.08512126],[70707.6,0.06],[70711.1,0.0],[70714.0,0.00022188],[70717.1,3.233e-05],[70718.6,0.0],[70719.0,0.08491079],[70720.2,0.0],[70721.0,0.0848744],[70723.9,0.0849049],[70727.0,0.08490118],[70727.2,0.0],[70727.8,0.02],[70734.9,0.08],[70739.4,0.0],[70749.3,0.0848744],[70773.2,7.774e-05],[70776.1,0.2002285],[70830.8,1e-05],[70831.0,0.00082899],[70831.8,2.269e-05]],"bids":[[70603.8,0.94190414],[70602.7,0.19099762],[70602.6,0.0283],[70602.5,0.05],[70601.4,0.14164724],[70601.0,0.0283],[70600.9,0.0252],[70600.0,0.0702],[70599.7,0.0652],[70598.6,0.00386906],[70598.5,0.00082908],[70596.9,0.04212002],[70596.8,0.0652],[70595.9,0.0252],[70594.4,0.01077848],[70592.6,0.0],[70590.0,0.08],[70589.6,8.6e-05],[70589.4,0.01703816],[70588.5,0.10573675],[70588.4,0.17622787],[70588.3,0.0],[70586.2,0.14167768],[70586.0,0.547329],[70584.3,0.0212453],[70582.7,0.0],[70580.4,0.26915],[70580.2,0.70789],[70578.9,0.0],[70567.0,0.53829],[70565.5,0.0],[70564.4,0.0],[70530.1,0.0848744],[70528.0,0.63223979],[70520.3,0.04],[70516.6,0.0],[70515.8,1.003e-05],[70508.9,0.0849049],[70501.8,0.0848744],[70500.7,0.08490118],[70499.7,0.08491079],[70499.0,1.03244086],[70495.3,0.0],[70492.0,0.0],[70490.8,0.0],[70490.0,3.1528771],[70488.3,0.0],[70487.8,0.0],[70484.0,0.0],[70480.7,0.0849049],[70473.6,0.0848744],[70472.5,0.08497821],[70471.5,0.08491079],[70470.8,0.0],[70467.1,9.496e-05],[70463.8,0.0],[70462.6,0.0],[70460.1,0.0],[70455.5,0.0],[70455.1,0.0],[70455.0,0.0],[70454.7,0.0],[70454.5,0.0],[70454.1,0.0],[70454.0,0.0]],"_doc":"bfbe386e-6620-40eb-9bcb-87171b44bb83"},{"receive_time":1712791536.904,"timestamp":"2024-04-11 00:25:36","asks":[[70601.0,0.0],[70606.9,0.0],[70609.1,0.0],[70610.4,0.0],[70610.9,0.30051],[70612.2,0.0],[70612.7,0.0],[70612.8,0.0],[70613.4,0.16],[70613.8,0.16011594],[70614.5,0.21636604],[70614.6,0.36061],[70614.9,0.0],[70615.0,0.1094658],[70616.3,0.0],[70616.6,0.0],[70618.4,0.6778328],[70619.1,0.0],[70620.1,0.00323352],[70620.3,0.0],[70620.9,0.26915],[70623.1,0.0],[70623.2,0.0],[70624.5,0.04865133],[70624.6,0.08108543],[70625.0,0.0],[70627.7,0.0],[70629.2,0.17623273],[70630.4,0.0],[70632.5,0.24791169],[70634.2,0.32297405],[70634.3,0.53829],[70639.0,4.1041802],[70641.0,0.0],[70643.1,0.42469],[70646.0,0.0],[70649.8,0.00015107],[70664.7,0.01522643],[70674.3,0.08489649],[70674.8,0.0],[70675.2,0.0],[70675.3,0.0],[70675.6,0.02],[70675.7,0.02],[70682.7,0.08488641],[70683.7,0.0],[70684.9,0.17827418],[70686.6,0.0],[70689.6,0.0],[70691.1,0.08487632],[70692.7,0.0],[70692.9,0.08487416],[70693.6,0.08487332],[70701.4,0.0],[70702.6,0.08489649],[70706.4,0.08485795],[70712.0,0.00345784],[70716.9,0.0],[70721.0,0.0],[70721.2,0.08487416],[70721.9,0.08487332],[70726.8,0.08490142],[70729.7,0.0],[70730.9,0.08489649],[70734.7,0.08485795],[70740.3,0.0],[70749.5,0.08487416],[70750.2,0.08487332],[70763.0,0.08485795],[70822.4,0.0],[70826.2,0.00015107],[70830.0,0.00138481],[70830.6,0.00033528]],"bids":[[70598.2,0.0],[70596.9,0.06912009],[70590.6,0.01416618],[70586.9,0.0],[70586.2,0.17623212],[70584.2,0.0],[70564.9,0.04635711],[70561.7,0.0],[70560.5,0.0],[70528.9,0.08487416],[70527.4,0.08490721],[70522.6,0.17224838],[70522.1,1.14712],[70519.0,0.0],[70517.6,0.0],[70516.3,0.00030749],[70513.1,0.0],[70510.1,0.00129011],[70507.1,0.0],[70506.9,0.08487332],[70500.6,0.08487416],[70499.1,0.23084045],[70497.6,0.08490142],[70497.1,0.0],[70494.3,0.1697853],[70493.4,0.08498096],[70490.7,0.0],[70489.3,0.0],[70489.0,8.12e-05],[70487.7,0.00247726],[70484.6,0.05858759],[70483.5,0.0],[70478.6,1.24142713],[70472.4,0.08523254],[70470.9,0.08492716],[70469.4,0.08490142],[70468.9,0.00035405],[70466.1,0.16977523],[70465.2,0.08489649],[70462.5,1.222e-05],[70461.1,0.0],[70459.5,0.0],[70455.3,0.0],[70454.5,0.01250637],[70454.1,0.00047075],[70454.0,3.264e-05]],"_doc":"7801680a-b1e9-469a-8a99-70ca77211223"},{"receive_time":1712791536.804,"timestamp":"2024-04-11 00:25:36","asks":[[70609.1,0.30051],[70612.8,0.36061],[70616.6,0.42071],[70617.3,0.0],[70619.0,0.0],[70619.1,0.26915],[70621.0,0.0],[70624.8,0.0],[70625.0,0.02155129],[70626.7,0.0],[70627.7,0.17623489],[70632.4,0.0],[70632.5,0.78620169],[70635.2,0.0],[70638.2,0.15312393],[70643.3,0.0],[70673.1,0.0],[70674.8,0.08489589],[70675.0,0.0],[70675.2,0.02],[70675.3,0.02],[70676.9,0.08492738],[70682.7,0.16977282],[70685.1,0.25471856],[70696.5,0.0],[70701.1,0.0],[70701.6,0.0],[70703.5,0.08492942],[70709.3,0.0],[70711.0,0.08488641],[70712.3,0.0],[70713.4,0.08491752],[70716.5,0.50583456],[70718.8,0.0],[70719.2,0.08487656],[70720.5,0.08488352],[70724.8,0.0],[70728.7,1.28796914],[70729.4,0.0],[70737.6,0.0],[70739.3,0.08488641],[70747.5,0.08487656],[70747.6,0.0],[70753.1,0.0],[70755.8,0.08488352],[70783.0,0.0],[70791.2,0.08488352],[70818.3,0.0],[70826.5,0.08488352],[70827.9,0.01179868],[70828.2,2.707e-05],[70828.7,1.675e-05],[70828.8,0.00264193],[70829.8,1.489e-05],[70829.9,0.02117859]],"bids":[[70586.6,0.0],[70580.2,0.72913741],[70575.0,0.07081099],[70569.2,0.0],[70546.9,0.0643897],[70536.1,1.1e-05],[70534.6,0.23493166],[70531.6,0.0],[70529.5,0.08507878],[70524.4,0.08488641],[70519.6,2.678e-05],[70514.5,0.0],[70514.2,0.08495547],[70512.7,0.0],[70504.3,0.00010731],[70502.4,0.08489914],[70501.2,0.08491752],[70496.1,0.08490707],[70492.5,0.0],[70491.3,0.0],[70486.2,0.0],[70485.9,0.08504442],[70484.4,0.0],[70476.0,0.0],[70474.2,0.08489914],[70473.0,0.08535475],[70470.6,0.0],[70467.9,0.08488641],[70464.3,0.0],[70463.1,0.00114965],[70458.0,0.335],[70456.2,0.0],[70455.8,1.009e-05],[70455.5,0.547329],[70455.3,0.08490839],[70455.1,0.00022031],[70455.0,0.00481711],[70454.7,0.00017443]],"_doc":"ff19fad4-b82e-4a15-88b5-09d32e220846"}