[{"trades":[[{"side":"sell","price":70605.8,"quantity":0.00219558,"timestamp":"2024-04-11 00:25:53"}]],"liquidations":[],"receive_time":1712791553.569,"_doc":"09acb8f3-8f6c-4081-9768-b5aa755607dd"},{"trades":[[{"side":"sell","price":70605.8,"quantity":0.00439125,"timestamp":"2024-04-11 00:25:52"}]],"liquidations":[],"receive_time":1712791552.062,"_doc":"3381a4bf-ebb1-47dc-bad1-5e4f7b573471"},{"trades":[[{"side":"sell","price":70605.8,"quantity":0.00219545,"timestamp":"2024-04-11 00:25:50"}]],"liquidations":[],"receive_time":1712791550.561,"_doc":"a9209494-1707-4b02-b3aa-a0173f8cd347"},{"trades":[[{"side":"sell","price":70605.8,"quantity":0.03615386,"timestamp":"2024-04-11 00:25:49"}]],"liquidations":[],"receive_time":1712791549.716,"_doc":"5e79aff5-4719-47a1-a358-19754b410de8"},{"trades":[[{"side":"sell","price":70607.9,"quantity":0.05,"timestamp":"2024-04-11 00:25:49"}]],"liquidations":[],"receive_time":1712791549.52,"_doc":"d44e5fe7-4753-4fa2-aec2-8eb84e8030f9"},{"trades":[[{"side":"sell","price":70608.0,"quantity":0.0702,"timestamp":"2024-04-11 00:25:49"}]],"liquidations":[],"receive_time":1712791549.52,"_doc":"c83bf762-5cd2-4e7d-b347-2c8254d9dc05"},{"trades":[[{"side":"sell","price":70608.1,"quantity":0.08910004,"timestamp":"2024-04-11 00:25:49"}]],"liquidations":[],"receive_time":1712791549.52,"_doc":"b05bc85d-2638-400a-b2cf-fc310a24bc62"},{"trades":[[{"side":"sell","price":70610.8,"quantity":0.05,"timestamp":"2024-04-11 00:25:49"}]],"liquidations":[],"receive_time":1712791549.52,"_doc":"6bf5d809-c187-44bf-8bf8-9ad5636d262d"},{"trades":[[{"side":"buy","price":70598.4,"quantity":0.0566731,"timestamp":"2024-04-11 00:25:48"}]],"liquidations":[],"receive_time":1712791548.982,"_doc":"08a34ff6-9401-49ae-ac49-a26a9139e01b"},{"trades":[[{"side":"buy","price":70596.9,"quantity":0.33239729,"timestamp":"2024-04-11 00:25:48"}]],"liquidations":[],"receive_time":1712791548.981,"_doc":"b7bb349a-ea9e-484f-9865-92917d67d1b7"},{"trades":[[{"side":"buy","price":70596.9,"quantity":0.53884857,"timestamp":"2024-04-11 00:25:48"}]],"liquidations":[],"receive_time":1712791548.98,"_doc":"acf7271f-39ed-4416-bb72-4a1c6753eb98"},{"trades":[[{"side":"buy","price":70598.4,"quantity":0.00053551,"timestamp":"2024-04-11 00:25:48"}]],"liquidations":[],"receive_time":1712791548.978,"_doc":"ed023058-e853-438e-a6d1-1129ec5f1cb7"},{"trades":[[{"side":"buy","price":70596.9,"quantity":0.0825,"timestamp":"2024-04-11 00:25:48"}]],"liquidations":[],"receive_time":1712791548.978,"_doc":"f3fdf80d-339d-430e-9539-5783cbcb4fc1"},{"trades":[[{"side":"buy","price":70594.8,"quantity":0.05382832,"timestamp":"2024-04-11 00:25:48"}]],"liquidations":[],"receive_time":1712791548.978,"_doc":"2af08a32-5100-4ff0-b9cd-d767fbf0d4ee"},{"trades":[[{"side":"buy","price":70596.9,"quantity":0.11214905,"timestamp":"2024-04-11 00:25:48"}]],"liquidations":[],"receive_time":1712791548.979,"_doc":"81eb093d-cd05-48f6-bf73-370bdab8fa7a"},{"trades":[[{"side":"buy","price":70592.7,"quantity":0.00281002,"timestamp":"2024-04-11 00:25:48"}]],"liquidations":[],"receive_time":1712791548.978,"_doc":"4fa24bb1-9343-48f6-ab4e-e5499738d69c"},{"trades":[[{"side":"buy","price":70592.7,"quantity":0.05382832,"timestamp":"2024-04-11 00:25:48"}]],"liquidations":[],"receive_time":1712791548.978,"_doc":"39838dfc-3c33-4f5a-816f-2a71cf069868"},{"trades":[[{"side":"buy","price":70596.9,"quantity":0.64598387,"timestamp":"2024-04-11 00:25:48"}]],"liquidations":[],"receive_time":1712791548.978,"_doc":"c0c3b30c-222e-4019-99be-bca5592842a3"},{"trades":[[{"side":"buy","price":70592.7,"quantity":0.06902588,"timestamp":"2024-04-11 00:25:48"}]],"liquidations":[],"receive_time":1712791548.977,"_doc":"428ddbbf-feaf-46c5-aa3e-e7e9ca49236f"},{"trades":[[{"side":"sell","price":70596.8,"quantity":0.01457073,"timestamp":"2024-04-11 00:25:48"}]],"liquidations":[],"receive_time":1712791548.464,"_doc":"22bd966a-ad31-4756-aa61-b55571cd941a"},{"trades":[[{"side":"sell","price":70596.8,"quantity":0.00925112,"timestamp":"2024-04-11 00:25:46"}]],"liquidations":[],"receive_time":1712791546.96,"_doc":"0d78c1b9-b067-4fbe-a449-ebd4a8bd2cbe"},{"trades":[[{"side":"sell","price":70599.7,"quantity":7.48e-06,"timestamp":"2024-04-11 00:25:45"}]],"liquidations":[],"receive_time":1712791545.824,"_doc":"8895e849-ff67-4fb9-8338-f271ffe56845"},{"trades":[[{"side":"sell","price":70599.7,"quantity":0.0015,"timestamp":"2024-04-11 00:25:45"}]],"liquidations":[],"receive_time":1712791545.81,"_doc":"1bc01b61-5813-4fa2-bd3c-2f0c1c4de8a0"},{"trades":[[{"side":"sell","price":70602.5,"quantity":0.00143591,"timestamp":"2024-04-11 00:25:45"}]],"liquidations":[],"receive_time":1712791545.459,"_doc":"c14f63b3-0df2-4f4b-976b-a331d519773b"},{"trades":[[{"side":"buy","price":70599.8,"quantity":0.00047263,"timestamp":"2024-04-11 00:25:43"}]],"liquidations":[],"receive_time":1712791543.844,"_doc":"efaa840b-a267-4974-ada0-6ad6e7811183"},{"trades":[[{"side":"sell","price":70602.5,"quantity":0.00017528,"timestamp":"2024-04-11 00:25:42"}]],"liquidations":[],"receive_time":1712791542.808,"_doc":"94846531-1244-43ca-ad4b-26042ae9cc57"},{"trades":[[{"side":"sell","price":70603.8,"quantity":8.6e-05,"timestamp":"2024-04-11 00:25:42"}]],"liquidations":[],"receive_time":1712791542.517,"_doc":"60e60664-80c8-4d97-b026-45bacf4cb5ec"},{"trades":[[{"side":"sell","price":70603.8,"quantity":0.0089,"timestamp":"2024-04-11 00:25:42"}]],"liquidations":[],"receive_time":1712791542.461,"_doc":"611dfaef-1e9c-4213-9459-e6b139283a5d"},{"trades":[[{"side":"sell","price":70599.9,"quantity":0.016,"timestamp":"2024-04-11 00:25:42"}]],"liquidations":[],"receive_time":1712791542.224,"_doc":"6e91d707-9da5-4641-b200-8808df775565"},{"trades":[[{"side":"sell","price":70603.8,"quantity":0.0006,"timestamp":"2024-04-11 00:25:41"}]],"liquidations":[],"receive_time":1712791541.901,"_doc":"06ac438e-245b-4b33-9ecc-306f1fff4bba"},{"trades":[[{"side":"sell","price":70603.8,"quantity":0.00219598,"timestamp":"2024-04-11 00:25:40"}]],"liquidations":[],"receive_time":1712791540.961,"_doc":"2c4f6b14-bc53-4e30-8691-f960f7d74c20"},{"trades":[[{"side":"sell","price":70603.8,"quantity":0.0022015,"timestamp":"2024-04-11 00:25:40"}]],"liquidations":[],"receive_time":1712791540.683,"_doc":"defc904b-5e1f-4446-abe4-eef8210d341c"},{"trades":[[{"side":"sell","price":70603.8,"quantity":0.01064342,"timestamp":"2024-04-11 00:25:38"}]],"liquidations":[],"receive_time":1712791538.544,"_doc":"d95d0e78-6d71-4ecf-ad4d-a46def401d7a"},{"trades":[[{"side":"sell","price":70603.8,"quantity":0.00941783,"timestamp":"2024-04-11 00:25:37"}]],"liquidations":[],"receive_time":1712791537.034,"_doc":"8d9a8bcd-3a82-4a96-b725-6bce0e4d4817"},{"trades":[[{"side":"buy","price":70598.2,"quantity":0.0014,"timestamp":"2024-04-11 00:25:36"}]],"liquidations":[],"receive_time":1712791536.597,"_doc":"7d824701-bfa6-4718-8385-25d0dc3db561"},{"trades":[[{"side":"buy","price":70596.9,"quantity":0.01293695,"timestamp":"2024-04-11 00:25:36"}]],"liquidations":[],"receive_time":1712791536.59,"_doc":"74b26f12-06eb-4813-a137-25cdd0405163"},{"trades":[[{"side":"buy","price":70596.9,"quantity":0.00062892,"timestamp":"2024-04-11 00:25:36"}]],"liquidations":[],"receive_time":1712791536.199,"_doc":"c1f484bb-1daf-4159-b89e-7a2fe5a812b4"},{"trades":[[{"side":"sell","price":70596.8,"quantity":0.0238,"timestamp":"2024-04-11 00:25:35"}]],"liquidations":[],"receive_time":1712791535.819,"_doc":"4df58084-4a84-417d-ae43-60f8e35866fb"},{"trades":[[{"side":"sell","price":70596.8,"quantity":0.00013275,"timestamp":"2024-04-11 00:25:33"}]],"liquidations":[],"receive_time":1712791533.561,"_doc":"ff76b7cc-e781-473a-b158-085c774084ba"},{"trades":[[{"side":"buy","price":70592.4,"quantity":0.28251665,"timestamp":"2024-04-11 00:25:32"}]],"liquidations":[],"receive_time":1712791532.193,"_doc":"c6210d47-0ff8-42d1-9f06-cc5cd53bff7c"},{"trades":[[{"side":"sell","price":70595.8,"quantity":0.0021958,"timestamp":"2024-04-11 00:25:30"}]],"liquidations":[],"receive_time":1712791530.928,"_doc":"470d77fa-f15b-4c5e-93e7-76445acbfdeb"},{"trades":[[{"side":"sell","price":70595.8,"quantity":1.416e-05,"timestamp":"2024-04-11 00:25:30"}]],"liquidations":[],"receive_time":1712791530.166,"_doc":"06f9860f-3fa0-4e18-b398-40846de49c32"},{"trades":[[{"side":"buy","price":70589.7,"quantity":0.0713418,"timestamp":"2024-04-11 00:25:29"}]],"liquidations":[],"receive_time":1712791529.886,"_doc":"987ecb14-578e-40a1-9f8f-112a50dfa449"},{"trades":[[{"side":"buy","price":70589.7,"quantity":0.5597874,"timestamp":"2024-04-11 00:25:29"}]],"liquidations":[],"receive_time":1712791529.865,"_doc":"200b74f9-545d-49d7-ab67-07e39273945d"},{"trades":[[{"side":"buy","price":70584.7,"quantity":0.05097438,"timestamp":"2024-04-11 00:25:29"}]],"liquidations":[],"receive_time":1712791529.863,"_doc":"8cfeb6d9-423e-48fc-8bb1-6100dd6590ed"},{"trades":[[{"side":"buy","price":70584.7,"quantity":0.0034,"timestamp":"2024-04-11 00:25:29"}]],"liquidations":[],"receive_time":1712791529.862,"_doc":"da5615a6-a330-4d9e-9df8-db15f85cd5e6"},{"trades":[[{"side":"buy","price":70584.1,"quantity":0.08666962,"timestamp":"2024-04-11 00:25:29"}]],"liquidations":[],"receive_time":1712791529.773,"_doc":"e5c84777-0a6c-4a0b-baf0-84f40376fcd7"},{"trades":[[{"side":"buy","price":70584.1,"quantity":0.0730522,"timestamp":"2024-04-11 00:25:29"}]],"liquidations":[],"receive_time":1712791529.67,"_doc":"956d2905-b4d0-4c8f-95f3-2bf62a649c20"}]