[{"jsonrpc": "2.0", "method": "subscription", "params": {"channel": "trades.option.BTC.agg2", "data": [{"trade_id": "188101408", "contracts": 2.0, "instrument_name": "BTC-12APR24-70000-C", "tick_direction": 1, "trade_seq": 820, "mark_price": 0.02206244, "amount": 2.0, "index_price": 65725.32, "direction": "sell", "price": 0.024, "iv": 73.11, "timestamp": 1712099570180}]}, "_doc": "62c2dcff-92ed-45a1-b8ee-1990e1bcbe6a"}, {"jsonrpc": "2.0", "method": "subscription", "params": {"channel": "trades.option.BTC.agg2", "data": [{"trade_id": "188101407", "contracts": 9.0, "instrument_name": "BTC-27DEC24-15000-P", "tick_direction": 0, "trade_seq": 2612, "mark_price": 0.00388224, "amount": 9.0, "index_price": 65725.45, "direction": "buy", "price": 0.0036, "iv": 96.23, "timestamp": 1712099569386}]}, "_doc": "5f4bee1a-6159-4cc9-aac5-b1e9e05fb23c"}, {"jsonrpc": "2.0", "method": "subscription", "params": {"channel": "trades.option.BTC.agg2", "data": [{"trade_id": "188101400", "contracts": 1.0, "instrument_name": "BTC-4APR24-63000-P", "tick_direction": 3, "trade_seq": 1733, "mark_price": 0.00312752, "amount": 1.0, "index_price": 65725.45, "direction": "buy", "price": 0.0001, "iv": 32.14, "timestamp": 1712099569097}]}, "_doc": "a9ab6f43-5ce9-4b42-88e7-30efb1a7eeb4"}, {"jsonrpc": "2.0", "method": "subscription", "params": {"channel": "trades.option.BTC.agg2", "data": [{"trade_id": "188101405", "contracts": 1.0, "instrument_name": "BTC-26APR24-43000-P", "tick_direction": 1, "trade_seq": 3283, "mark_price": 0.00296154, "amount": 1.0, "index_price": 65725.45, "direction": "sell", "price": 0.0255, "iv": 165.33, "timestamp": 1712099569345}, {"trade_id": "188101406", "contracts": 2.0, "instrument_name": "BTC-26APR24-43000-P", "tick_direction": 1, "trade_seq": 3284, "mark_price": 0.00296154, "amount": 2.0, "index_price": 65725.45, "direction": "sell", "price": 0.0255, "iv": 165.33, "timestamp": 1712099569345}]}, "_doc": "390d3dad-11ea-4b23-b4a9-e73311e5311d"}, {"jsonrpc": "2.0", "method": "subscription", "params": {"channel": "trades.option.BTC.agg2", "data": [{"trade_id": "188101401", "contracts": 2.0, "instrument_name": "BTC-26APR24-44000-P", "tick_direction": 0, "trade_seq": 3277, "mark_price": 0.00303271, "amount": 2.0, "index_price": 65725.45, "direction": "sell", "price": 0.0035, "iv": 95.49, "timestamp": 1712099569115}]}, "_doc": "19e76335-4a7a-43c0-bd0d-d0b16e38bd46"}, {"jsonrpc": "2.0", "method": "subscription", "params": {"channel": "trades.option.BTC.agg2", "data": [{"trade_id": "188101394", "contracts": 1.0, "instrument_name": "BTC-27SEP24-82000-C", "tick_direction": 1, "trade_seq": 271, "mark_price": 0.00135159, "amount": 1.0, "index_price": 65725.74, "direction": "sell", "price": 0.0995, "iv": 54.77, "timestamp": 1712099567515}]}, "_doc": "0e4e8117-ffa5-4a78-a2b4-b945cb763889"}, {"jsonrpc": "2.0", "method": "subscription", "params": {"channel": "trades.option.BTC.agg2", "data": [{"trade_id": "188101397", "contracts": 1.0, "instrument_name": "BTC-28MAR25-58000-P", "tick_direction": 0, "trade_seq": 648, "mark_price": 0.22382613, "amount": 1.0, "index_price": 65725.74, "direction": "sell", "price": 0.346, "iv": 135.64, "timestamp": 1712099568162}, {"trade_id": "188101398", "contracts": 0.2, "instrument_name": "BTC-28MAR25-58000-P", "tick_direction": 1, "trade_seq": 649, "mark_price": 0.22382613, "amount": 0.2, "index_price": 65725.74, "direction": "sell", "price": 0.346, "iv": 135.64, "timestamp": 1712099568162}]}, "_doc": "f064864d-bd90-4caf-b71f-4b1d68b3480b"}, {"jsonrpc": "2.0", "method": "subscription", "params": {"channel": "trades.option.BTC.agg2", "data": [{"trade_id": "188101396", "contracts": 1.0, "instrument_name": "BTC-27SEP24-62000-P", "tick_direction": 2, "trade_seq": 1276, "mark_price": 0.14377967, "amount": 1.0, "index_price": 65725.74, "direction": "buy", "price": 0.1465, "iv": 80.71, "timestamp": 1712099568060}]}, "_doc": "707b2dfa-4cae-4e6a-aece-ba310e95ac6f"}, {"jsonrpc": "2.0", "method": "subscription", "params": {"channel": "trades.option.BTC.agg2", "data": [{"trade_id": "188101391", "contracts": 1.0, "instrument_name": "BTC-4APR24-63000-P", "tick_direction": 3, "trade_seq": 1731, "mark_price": 0.00312678, "amount": 1.0, "index_price": 65725.59, "direction": "buy", "price": 0.0001, "iv": 32.14, "timestamp": 1712099565886}, {"trade_id": "188101392", "contracts": 1.0, "instrument_name": "BTC-4APR24-63000-P", "tick_direction": 3, "trade_seq": 1732, "mark_price": 0.00312678, "amount": 1.0, "index_price": 65725.59, "direction": "buy", "price": 0.0001, "iv": 32.14, "timestamp": 1712099565886}]}, "_doc": "f8fb401a-e682-47ca-9671-4da5f139aae1"}, {"jsonrpc": "2.0", "method": "subscription", "params": {"channel": "trades.option.BTC.agg2", "data": [{"trade_id": "188101388", "contracts": 1.0, "instrument_name": "BTC-3APR24-64000-P", "tick_direction": 3, "trade_seq": 1843, "mark_price": 0.0003551, "amount": 1.0, "index_price": 65725.59, "direction": "buy", "price": 0.0001, "iv": 41.47, "timestamp": 1712099565621}, {"trade_id": "188101389", "contracts": 2.0, "instrument_name": "BTC-3APR24-64000-P", "tick_direction": 3, "trade_seq": 1844, "mark_price": 0.0003551, "amount": 2.0, "index_price": 65725.59, "direction": "buy", "price": 0.0001, "iv": 41.47, "timestamp": 1712099565621}]}, "_doc": "57195f22-998f-4235-af9f-0d5522b46f0c"}, {"jsonrpc": "2.0", "method": "subscription", "params": {"channel": "trades.option.BTC.agg2", "data": [{"trade_id": "188101393", "contracts": 3.0, "instrument_name": "BTC-26APR24-88000-C", "tick_direction": 3, "trade_seq": 943, "mark_price": 0.01955089, "amount": 3.0, "index_price": 65725.59, "direction": "sell", "price": 0.0075, "iv": 76.97, "timestamp": 1712099566030}]}, "_doc": "dfc873ad-5afa-4a19-9dc7-20d16127f41f"}, {"jsonrpc": "2.0", "method": "subscription", "params": {"channel": "trades.option.BTC.agg2", "data": [{"trade_id": "188101386", "contracts": 4.0, "instrument_name": "BTC-27SEP24-160000-C", "tick_direction": 0, "trade_seq": 1101, "mark_price": 0.00072064, "amount": 4.0, "index_price": 65725.2, "direction": "sell", "price": 0.034, "iv": 84.67, "timestamp": 1712099565175}, {"trade_id": "188101387", "contracts": 1.0, "instrument_name": "BTC-27SEP24-160000-C", "tick_direction": 2, "trade_seq": 1102, "mark_price": 0.00072064, "amount": 1.0, "index_price": 65725.2, "direction": "sell", "price": 0.032, "iv": 83.38, "timestamp": 1712099565175}]}, "_doc": "ea4052f3-9afa-43b9-89e3-e4ffbb0424f9"}, {"jsonrpc": "2.0", "method": "subscription", "params": {"channel": "trades.option.BTC.agg2", "data": [{"trade_id": "188101383", "contracts": 0.7, "instrument_name": "BTC-27SEP24-150000-C", "tick_direction": 2, "trade_seq": 576, "mark_price": 0.00119622, "amount": 0.7, "index_price": 65725.2, "direction": "buy", "price": 0.0001, "iv": 34.5, "timestamp": 1712099564777}]}, "_doc": "1eafdb4b-e012-46e6-ae08-fb5d452a7151"}, {"jsonrpc": "2.0", "method": "subscription", "params": {"channel": "trades.option.BTC.agg2", "data": [{"trade_id": "188101382", "contracts": 3.0, "instrument_name": "BTC-26APR24-88000-C", "tick_direction": 2, "trade_seq": 942, "mark_price": 0.01955089, "amount": 3.0, "index_price": 65725.2, "direction": "sell", "price": 0.0075, "iv": 76.97, "timestamp": 1712099564726}]}, "_doc": "f52bea1f-11c0-4e81-abfc-fc3d9ab8c679"}, {"jsonrpc": "2.0", "method": "subscription", "params": {"channel": "trades.option.BTC.agg2", "data": [{"trade_id": "188101379", "contracts": 2.0, "instrument_name": "BTC-27SEP24-52000-P", "tick_direction": 2, "trade_seq": 1135, "mark_price": 0.08146017, "amount": 2.0, "index_price": 65725.2, "direction": "sell", "price": 0.079, "iv": 78.36, "timestamp": 1712099563819}]}, "_doc": "825e1995-2c5b-4afe-a625-b6d171adbb7d"}, {"jsonrpc": "2.0", "method": "subscription", "params": {"channel": "trades.option.BTC.agg2", "data": [{"trade_id": "188101372", "contracts": 2.0, "instrument_name": "BTC-3APR24-64000-P", "tick_direction": 3, "trade_seq": 1842, "mark_price": 0.0003201, "amount": 2.0, "index_price": 65725.2, "direction": "buy", "price": 0.0001, "iv": 41.47, "timestamp": 1712099563504}]}, "_doc": "40da2b38-e02b-4bf4-9416-3f77ddc8586b"}, {"jsonrpc": "2.0", "method": "subscription", "params": {"channel": "trades.option.BTC.agg2", "data": [{"trade_id": "188101378", "contracts": 2.0, "instrument_name": "BTC-27SEP24-68000-P", "tick_direction": 0, "trade_seq": 815, "mark_price": 0.00109109, "amount": 2.0, "index_price": 65725.2, "direction": "sell", "price": 0.1325, "iv": 57.94, "timestamp": 1712099563817}]}, "_doc": "6f1fd4ac-f31d-4766-ba3d-24c83c1bdb52"}, {"jsonrpc": "2.0", "method": "subscription", "params": {"channel": "trades.option.BTC.agg2", "data": [{"trade_id": "188101377", "contracts": 5.0, "instrument_name": "BTC-3APR24-67500-C", "tick_direction": 0, "trade_seq": 816, "mark_price": 0.00031954, "amount": 5.0, "index_price": 65725.2, "direction": "buy", "price": 0.0065, "iv": 129.59, "timestamp": 1712099563712}]}, "_doc": "5c73bf19-1e29-4e6c-8105-1dd30fb60ab5"}, {"jsonrpc": "2.0", "method": "subscription", "params": {"channel": "trades.option.BTC.agg2", "data": [{"trade_id": "188101373", "contracts": 1.0, "instrument_name": "BTC-27SEP24-10000-P", "tick_direction": 2, "trade_seq": 3371, "mark_price": 0.00017435, "amount": 1.0, "index_price": 65725.2, "direction": "sell", "price": 0.0002, "iv": 101.34, "timestamp": 1712099563551}]}, "_doc": "00df8488-8935-4251-bf0b-efe5477e0fa9"}, {"jsonrpc": "2.0", "method": "subscription", "params": {"channel": "trades.option.BTC.agg2", "data": [{"trade_id": "188101362", "contracts": 2.0, "instrument_name": "BTC-27SEP24-52000-P", "tick_direction": 0, "trade_seq": 1134, "mark_price": 0.08151566, "amount": 2.0, "index_price": 65725.18, "direction": "buy", "price": 0.0815, "iv": 79.66, "timestamp": 1712099562474}]}, "_doc": "aad14a64-b0a2-4912-ad0d-624e7793ae8c"}, {"jsonrpc": "2.0", "method": "subscription", "params": {"channel": "trades.option.BTC.agg2", "data": [{"trade_id": "188101368", "contracts": 2.0, "instrument_name": "BTC-27SEP24-10000-P", "tick_direction": 0, "trade_seq": 3370, "mark_price": 0.00017434, "amount": 2.0, "index_price": 65725.18, "direction": "buy", "price": 0.0012, "iv": 124.35, "timestamp": 1712099562810}]}, "_doc": "0a28e49b-9b96-42b5-a32f-abdec0332bdd"}, {"jsonrpc": "2.0", "method": "subscription", "params": {"channel": "trades.option.BTC.agg2", "data": [{"trade_id": "188101370", "contracts": 1.0, "instrument_name": "BTC-26APR24-47000-P", "tick_direction": 1, "trade_seq": 3103, "mark_price": 0.00427022, "amount": 1.0, "index_price": 65725.18, "direction": "sell", "price": 0.0275, "iv": 143.7, "timestamp": 1712099563024}]}, "_doc": "ebeb4c9d-38c0-4d85-8323-babad64e87d9"}, {"jsonrpc": "2.0", "method": "subscription", "params": {"channel": "trades.option.BTC.agg2", "data": [{"trade_id": "188101355", "contracts": 1.6, "instrument_name": "BTC-31MAY24-32000-P", "tick_direction": 3, "trade_seq": 4525, "mark_price": 0.00318561, "amount": 1.6, "index_price": 65725.1, "direction": "sell", "price": 0.0033, "iv": 100.61, "timestamp": 1712099561518}]}, "_doc": "627a326d-c640-41e5-aac3-26d8dc5770c1"}, {"jsonrpc": "2.0", "method": "subscription", "params": {"channel": "trades.option.BTC.agg2", "data": [{"trade_id": "188101353", "contracts": 7.0, "instrument_name": "BTC-3APR24-64000-P", "tick_direction": 2, "trade_seq": 1839, "mark_price": 0.0002715, "amount": 7.0, "index_price": 65725.1, "direction": "sell", "price": 0.0006, "iv": 58.29, "timestamp": 1712099561454}, {"trade_id": "188101358", "contracts": 1.0, "instrument_name": "BTC-3APR24-64000-P", "tick_direction": 2, "trade_seq": 1840, "mark_price": 0.00028709, "amount": 1.0, "index_price": 65725.1, "direction": "sell", "price": 0.0001, "iv": 41.47, "timestamp": 1712099562256}, {"trade_id": "188101359", "contracts": 1.0, "instrument_name": "BTC-3APR24-64000-P", "tick_direction": 3, "trade_seq": 1841, "mark_price": 0.00028709, "amount": 1.0, "index_price": 65725.1, "direction": "sell", "price": 0.0001, "iv": 41.47, "timestamp": 1712099562256}]}, "_doc": "784db2cf-b7df-4ba4-be60-633050e37e05"}, {"jsonrpc": "2.0", "method": "subscription", "params": {"channel": "trades.option.BTC.agg2", "data": [{"trade_id": "188101344", "contracts": 3.0, "instrument_name": "BTC-27DEC24-170000-C", "tick_direction": 2, "trade_seq": 807, "mark_price": 0.00924887, "amount": 3.0, "index_price": 65725.3, "direction": "buy", "price": 0.0001, "iv": 31.31, "timestamp": 1712099560820}]}, "_doc": "aeba8e25-b808-4da5-8d23-1739458d96cf"}, {"jsonrpc": "2.0", "method": "subscription", "params": {"channel": "trades.option.BTC.agg2", "data": [{"trade_id": "188101351", "contracts": 3.0, "instrument_name": "BTC-28MAR25-130000-C", "tick_direction": 2, "trade_seq": 720, "mark_price": 0.09622446, "amount": 3.0, "index_price": 65725.3, "direction": "sell", "price": 0.164, "iv": 86.26, "timestamp": 1712099561273}]}, "_doc": "0c644e9b-a2f3-4d09-9e04-26edc8b28f2c"}, {"jsonrpc": "2.0", "method": "subscription", "params": {"channel": "trades.option.BTC.agg2", "data": [{"block_trade_leg_count": 1, "trade_id": "188101348", "contracts": 25.0, "block_trade_id": "BLOCK-564106", "instrument_name": "BTC-5APR24-65000-C", "tick_direction": 2, "trade_seq": 1074, "mark_price": 0.02771749, "amount": 25.0, "index_price": 65725.3, "direction": "buy", "price": 0.0276, "iv": 66.22, "timestamp": 1712099561018}]}, "_doc": "0b06cf2e-10f5-4f68-88d4-914dc12bf4fd"}, {"jsonrpc": "2.0", "method": "subscription", "params": {"channel": "trades.option.BTC.agg2", "data": [{"trade_id": "188101342", "contracts": 3.0, "instrument_name": "BTC-27SEP24-10000-P", "tick_direction": 3, "trade_seq": 3367, "mark_price": 0.00017433, "amount": 3.0, "index_price": 65725.3, "direction": "sell", "price": 0.0002, "iv": 101.34, "timestamp": 1712099560658}, {"trade_id": "188101343", "contracts": 1.0, "instrument_name": "BTC-27SEP24-10000-P", "tick_direction": 3, "trade_seq": 3368, "mark_price": 0.00017433, "amount": 1.0, "index_price": 65725.3, "direction": "sell", "price": 0.0002, "iv": 101.34, "timestamp": 1712099560658}, {"trade_id": "188101350", "contracts": 2.0, "instrument_name": "BTC-27SEP24-10000-P", "tick_direction": 3, "trade_seq": 3369, "mark_price": 0.00017433, "amount": 2.0, "index_price": 65725.3, "direction": "sell", "price": 0.0002, "iv": 101.34, "timestamp": 1712099561254}]}, "_doc": "06883db7-3b02-4757-a8e7-fdf6607dd7b0"}, {"jsonrpc": "2.0", "method": "subscription", "params": {"channel": "trades.option.BTC.agg2", "data": [{"trade_id": "188101340", "contracts": 1.0, "instrument_name": "BTC-5APR24-72000-C", "tick_direction": 2, "trade_seq": 2073, "mark_price": 0.00017819, "amount": 1.0, "index_price": 65725.3, "direction": "sell", "price": 0.015, "iv": 143.57, "timestamp": 1712099560492}]}, "_doc": "4140a9d5-094f-4a89-98bf-e0c1cf357e39"}, {"jsonrpc": "2.0", "method": "subscription", "params": {"channel": "trades.option.BTC.agg2", "data": [{"trade_id": "188101334", "contracts": 3.0, "instrument_name": "BTC-26APR24-85000-C", "tick_direction": 3, "trade_seq": 1150, "mark_price": 0.02503656, "amount": 3.0, "index_price": 65725.3, "direction": "sell", "price": 0.0095, "iv": 74.31, "timestamp": 1712099559714}]}, "_doc": "421fd4a9-d726-40e1-baec-01a32aa606a7"}, {"jsonrpc": "2.0", "method": "subscription", "params": {"channel": "trades.option.BTC.agg2", "data": [{"trade_id": "188101336", "contracts": 2.0, "instrument_name": "BTC-31MAY24-32000-P", "tick_direction": 1, "trade_seq": 4522, "mark_price": 0.00318561, "amount": 2.0, "index_price": 65725.3, "direction": "sell", "price": 0.0215, "iv": 152.67, "timestamp": 1712099560158}, {"trade_id": "188101337", "contracts": 4.3, "instrument_name": "BTC-31MAY24-32000-P", "tick_direction": 1, "trade_seq": 4523, "mark_price": 0.00318561, "amount": 4.3, "index_price": 65725.3, "direction": "sell", "price": 0.0215, "iv": 152.67, "timestamp": 1712099560158}, {"trade_id": "188101338", "contracts": 2.7, "instrument_name": "BTC-31MAY24-32000-P", "tick_direction": 2, "trade_seq": 4524, "mark_price": 0.00318561, "amount": 2.7, "index_price": 65725.3, "direction": "sell", "price": 0.0033, "iv": 100.61, "timestamp": 1712099560158}]}, "_doc": "6c3be7b0-ab2f-476b-9034-e044a9baa137"}, {"jsonrpc": "2.0", "method": "subscription", "params": {"channel": "trades.option.BTC.agg2", "data": [{"trade_id": "188101331", "contracts": 7.0, "instrument_name": "BTC-19APR24-40000-P", "tick_direction": 0, "trade_seq": 2742, "mark_price": 0.00046736, "amount": 7.0, "index_price": 65725.29, "direction": "sell", "price": 0.0005, "iv": 100.84, "timestamp": 1712099559251}]}, "_doc": "17fb0cf9-ca06-49ef-a929-997cc3e94a29"}, {"jsonrpc": "2.0", "method": "subscription", "params": {"channel": "trades.option.BTC.agg2", "data": [{"trade_id": "188101329", "contracts": 1.0, "instrument_name": "BTC-5APR24-72000-C", "tick_direction": 1, "trade_seq": 2072, "mark_price": 0.00018482, "amount": 1.0, "index_price": 65725.28, "direction": "sell", "price": 0.0155, "iv": 145.58, "timestamp": 1712099558302}]}, "_doc": "8e0e6ccc-5ec7-4bf8-85f8-03c520a50abb"}, {"jsonrpc": "2.0", "method": "subscription", "params": {"channel": "trades.option.BTC.agg2", "data": [{"trade_id": "188101328", "contracts": 2.0, "instrument_name": "BTC-3APR24-68500-C", "tick_direction": 0, "trade_seq": 956, "mark_price": 9.969e-05, "amount": 2.0, "index_price": 65725.28, "direction": "buy", "price": 0.0006, "iv": 81.05, "timestamp": 1712099557970}]}, "_doc": "a07167e7-a1ed-4cd3-b621-e1de53d32cbc"}, {"jsonrpc": "2.0", "method": "subscription", "params": {"channel": "trades.option.BTC.agg2", "data": [{"trade_id": "188101323", "contracts": 2.0, "instrument_name": "BTC-26APR24-34000-P", "tick_direction": 1, "trade_seq": 3305, "mark_price": 0.00022426, "amount": 2.0, "index_price": 65725.24, "direction": "sell", "price": 0.0002, "iv": 98.82, "timestamp": 1712099556876}]}, "_doc": "97df95c8-8970-46ef-aa39-cc98156e328e"}, {"jsonrpc": "2.0", "method": "subscription", "params": {"channel": "trades.option.BTC.agg2", "data": [{"trade_id": "188101326", "contracts": 1.0, "instrument_name": "BTC-4APR24-63000-P", "tick_direction": 2, "trade_seq": 1730, "mark_price": 0.00310908, "amount": 1.0, "index_price": 65725.24, "direction": "buy", "price": 0.0001, "iv": 32.15, "timestamp": 1712099556940}]}, "_doc": "9b16018b-867c-4099-868a-75664e019819"}, {"jsonrpc": "2.0", "method": "subscription", "params": {"channel": "trades.option.BTC.agg2", "data": [{"trade_id": "188101320", "contracts": 5.0, "instrument_name": "BTC-28JUN24-46000-C", "tick_direction": 2, "trade_seq": 993, "mark_price": 0.36027307, "amount": 5.0, "index_price": 65725.24, "direction": "sell", "price": 0.3475, "iv": 71.1, "timestamp": 1712099556626}]}, "_doc": "45f2c1a0-89f6-485f-b187-162e222d2b33"}, {"jsonrpc": "2.0", "method": "subscription", "params": {"channel": "trades.option.BTC.agg2", "data": [{"trade_id": "188101312", "contracts": 0.1, "instrument_name": "BTC-19APR24-110000-C", "tick_direction": 3, "trade_seq": 2427, "mark_price": 0.0007536, "amount": 0.1, "index_price": 65725.02, "direction": "buy", "price": 0.0001, "iv": 81.1, "timestamp": 1712099555447}]}, "_doc": "779ecbd3-ec63-4b91-96d9-a6eb8cea852f"}, {"jsonrpc": "2.0", "method": "subscription", "params": {"channel": "trades.option.BTC.agg2", "data": [{"trade_id": "188101318", "contracts": 1.0, "instrument_name": "BTC-28JUN24-26000-P", "tick_direction": 3, "trade_seq": 2827, "mark_price": 0.00215692, "amount": 1.0, "index_price": 65725.02, "direction": "sell", "price": 0.0009, "iv": 86.43, "timestamp": 1712099555842}]}, "_doc": "1e63b5ce-7d33-4258-b66a-a2fe3f3a0031"}, {"jsonrpc": "2.0", "method": "subscription", "params": {"channel": "trades.option.BTC.agg2", "data": [{"trade_id": "188101316", "contracts": 7.0, "instrument_name": "BTC-5APR24-67000-C", "tick_direction": 2, "trade_seq": 960, "mark_price": 0.00123557, "amount": 7.0, "index_price": 65725.02, "direction": "sell", "price": 0.0022, "iv": 25.93, "timestamp": 1712099555626}]}, "_doc": "4d90a08c-083e-45d4-bde4-20a89ba4bab8"}, {"jsonrpc": "2.0", "method": "subscription", "params": {"channel": "trades.option.BTC.agg2", "data": [{"trade_id": "188101311", "contracts": 4.0, "instrument_name": "BTC-31MAY24-30000-P", "tick_direction": 0, "trade_seq": 3437, "mark_price": 0.00201233, "amount": 4.0, "index_price": 65725.02, "direction": "sell", "price": 0.002, "iv": 99.91, "timestamp": 1712099555406}]}, "_doc": "2c3795f5-99b0-4cbe-bfac-81d8a9584bf3"}, {"jsonrpc": "2.0", "method": "subscription", "params": {"channel": "trades.option.BTC.agg2", "data": [{"trade_id": "188101313", "contracts": 2.0, "instrument_name": "BTC-26APR24-47000-P", "tick_direction": 1, "trade_seq": 3102, "mark_price": 0.00428203, "amount": 2.0, "index_price": 65725.02, "direction": "sell", "price": 0.0275, "iv": 143.65, "timestamp": 1712099555576}]}, "_doc": "f8460ed6-41cd-42e2-81e5-d8e19f36a8f4"}, {"jsonrpc": "2.0", "method": "subscription", "params": {"channel": "trades.option.BTC.agg2", "data": [{"trade_id": "188101310", "contracts": 1.0, "instrument_name": "BTC-26APR24-110000-C", "tick_direction": 3, "trade_seq": 3087, "mark_price": 0.00281549, "amount": 1.0, "index_price": 65725.02, "direction": "sell", "price": 0.0001, "iv": 67.5, "timestamp": 1712099555397}]}, "_doc": "eb1ac2a8-2911-4b16-9461-4c6807de292b"}, {"jsonrpc": "2.0", "method": "subscription", "params": {"channel": "trades.option.BTC.agg2", "data": [{"trade_id": "188101308", "contracts": 3.0, "instrument_name": "BTC-27SEP24-82000-C", "tick_direction": 0, "trade_seq": 270, "mark_price": 0.00120597, "amount": 3.0, "index_price": 65725.02, "direction": "sell", "price": 0.0995, "iv": 54.76, "timestamp": 1712099555055}]}, "_doc": "66ad1156-5dd3-4a6e-85d9-c6674900739e"}, {"jsonrpc": "2.0", "method": "subscription", "params": {"channel": "trades.option.BTC.agg2", "data": [{"trade_id": "188101307", "contracts": 0.7, "instrument_name": "BTC-26APR24-120000-C", "tick_direction": 0, "trade_seq": 3352, "mark_price": 0.00111693, "amount": 0.7, "index_price": 65725.02, "direction": "sell", "price": 0.0013, "iv": 101.97, "timestamp": 1712099555050}]}, "_doc": "76538121-8991-4977-9c64-ee5efd1d3d20"}, {"jsonrpc": "2.0", "method": "subscription", "params": {"channel": "trades.option.BTC.agg2", "data": [{"trade_id": "188101309", "contracts": 2.0, "instrument_name": "BTC-27SEP24-68000-P", "tick_direction": 2, "trade_seq": 814, "mark_price": 0.00108723, "amount": 2.0, "index_price": 65725.02, "direction": "sell", "price": 0.0012, "iv": 5.12, "timestamp": 1712099555138}]}, "_doc": "bdc3ad77-f56a-4fd7-a88e-1f91528aae1b"}, {"jsonrpc": "2.0", "method": "subscription", "params": {"channel": "trades.option.BTC.agg2", "data": [{"trade_id": "188101302", "contracts": 1.0, "instrument_name": "BTC-4APR24-66000-C", "tick_direction": 2, "trade_seq": 1974, "mark_price": 0.00017227, "amount": 1.0, "index_price": 65725.02, "direction": "buy", "price": 0.0001, "iv": 4.32, "timestamp": 1712099553502}]}, "_doc": "a4317e57-67cc-4907-bf8e-e20de49a1d17"}, {"jsonrpc": "2.0", "method": "subscription", "params": {"channel": "trades.option.BTC.agg2", "data": [{"trade_id": "188101301", "contracts": 1.0, "instrument_name": "BTC-28JUN24-50000-P", "tick_direction": 2, "trade_seq": 918, "mark_price": 0.04496867, "amount": 1.0, "index_price": 65725.02, "direction": "buy", "price": 0.019, "iv": 61.79, "timestamp": 1712099553447}]}, "_doc": "9501cfa7-c252-445c-835e-b4c68efb95cc"}, {"jsonrpc": "2.0", "method": "subscription", "params": {"channel": "trades.option.BTC.agg2", "data": [{"trade_id": "188101303", "contracts": 1.0, "instrument_name": "BTC-5APR24-72000-C", "tick_direction": 1, "trade_seq": 2071, "mark_price": 0.00019948, "amount": 1.0, "index_price": 65725.02, "direction": "sell", "price": 0.0155, "iv": 145.55, "timestamp": 1712099553567}]}, "_doc": "f0f4e9bf-7191-4041-be8a-eccf4c8d7f9b"}, {"jsonrpc": "2.0", "method": "subscription", "params": {"channel": "trades.option.BTC.agg2", "data": [{"trade_id": "188101304", "contracts": 1.0, "instrument_name": "BTC-26APR24-125000-C", "tick_direction": 0, "trade_seq": 3136, "mark_price": 0.00069952, "amount": 1.0, "index_price": 65725.02, "direction": "sell", "price": 0.0155, "iv": 163.73, "timestamp": 1712099553815}]}, "_doc": "0c026bb7-6bec-48fc-a7a8-4055fa3ad3aa"}, {"jsonrpc": "2.0", "method": "subscription", "params": {"channel": "trades.option.BTC.agg2", "data": [{"trade_id": "188101298", "contracts": 2.0, "instrument_name": "BTC-31MAY24-64000-C", "tick_direction": 0, "trade_seq": 906, "mark_price": 0.1460933, "amount": 2.0, "index_price": 65724.99, "direction": "buy", "price": 0.148, "iv": 76.57, "timestamp": 1712099552971}]}, "_doc": "3408628a-2daa-42ce-b1ab-8480a2f4461f"}, {"jsonrpc": "2.0", "method": "subscription", "params": {"channel": "trades.option.BTC.agg2", "data": [{"trade_id": "188101289", "contracts": 0.1, "instrument_name": "BTC-3APR24-66500-C", "tick_direction": 0, "trade_seq": 706, "mark_price": 0.0016213, "amount": 0.1, "index_price": 65725.11, "direction": "buy", "price": 0.0025, "iv": 53.43, "timestamp": 1712099551862}, {"trade_id": "188101290", "contracts": 4.9, "instrument_name": "BTC-3APR24-66500-C", "tick_direction": 0, "trade_seq": 707, "mark_price": 0.0016213, "amount": 4.9, "index_price": 65725.11, "direction": "buy", "price": 0.0038, "iv": 65.8, "timestamp": 1712099551862}]}, "_doc": "f2991d6a-1758-43bf-980e-81cfe992b6e3"}, {"jsonrpc": "2.0", "id": 6053091084, "result": ["trades.option.BTC.agg2"], "usIn": 1712099551536552, "usOut": 1712099551536732, "usDiff": 180, "testnet": true, "_doc": "25338c88-576e-4f79-999c-7f6b4524a3ca"}, {"jsonrpc": "2.0", "method": "subscription", "params": {"channel": "trades.option.BTC.agg2", "data": [{"trade_id": "188092684", "contracts": 6.0, "instrument_name": "BTC-26APR24-100000-C", "tick_direction": 1, "trade_seq": 2096, "mark_price": 0.00208156, "amount": 6.0, "index_price": 65793.15, "direction": "buy", "price": 0.0032, "iv": 86.11, "timestamp": 1712098694643}]}, "_doc": "8229e3d5-1d4b-4ede-a226-e5ad164d6d82"}, {"jsonrpc": "2.0", "method": "subscription", "params": {"channel": "trades.option.BTC.agg2", "data": [{"trade_id": "188092682", "contracts": 4.0, "instrument_name": "BTC-28JUN24-60000-P", "tick_direction": 2, "trade_seq": 1246, "mark_price": 0.08487723, "amount": 4.0, "index_price": 65793.15, "direction": "sell", "price": 0.082, "iv": 75.74, "timestamp": 1712098694527}]}, "_doc": "d07cd5af-10df-4b42-9d99-de767ae36bfb"}, {"jsonrpc": "2.0", "method": "subscription", "params": {"channel": "trades.option.BTC.agg2", "data": [{"trade_id": "188092679", "contracts": 2.0, "instrument_name": "BTC-4APR24-62000-P", "tick_direction": 0, "trade_seq": 950, "mark_price": 0.00094428, "amount": 2.0, "index_price": 65796.51, "direction": "buy", "price": 0.0037, "iv": 89.75, "timestamp": 1712098694298}]}, "_doc": "19d95297-b702-4e2d-af99-f710bf5a8677"}, {"jsonrpc": "2.0", "method": "subscription", "params": {"channel": "trades.option.BTC.agg2", "data": [{"trade_id": "188092688", "contracts": 1.0, "instrument_name": "BTC-12APR24-58000-P", "tick_direction": 2, "trade_seq": 1363, "mark_price": 0.00687868, "amount": 1.0, "index_price": 65793.15, "direction": "sell", "price": 0.0033, "iv": 58.98, "timestamp": 1712098695087}, {"trade_id": "188092689", "contracts": 2.0, "instrument_name": "BTC-12APR24-58000-P", "tick_direction": 2, "trade_seq": 1364, "mark_price": 0.00687868, "amount": 2.0, "index_price": 65793.15, "direction": "sell", "price": 0.0025, "iv": 55.21, "timestamp": 1712098695087}]}, "_doc": "ec91d536-a9ce-45a0-91fe-35878f87cac2"}, {"jsonrpc": "2.0", "method": "subscription", "params": {"channel": "trades.option.BTC.agg2", "data": [{"trade_id": "188092674", "contracts": 2.0, "instrument_name": "BTC-26APR24-100000-C", "tick_direction": 0, "trade_seq": 2095, "mark_price": 0.0020862, "amount": 2.0, "index_price": 65796.51, "direction": "buy", "price": 0.0032, "iv": 86.09, "timestamp": 1712098693974}]}, "_doc": "56d67156-9704-4a46-9e5f-64acd33e6fbc"}, {"jsonrpc": "2.0", "method": "subscription", "params": {"channel": "trades.option.BTC.agg2", "data": [{"trade_id": "188092668", "contracts": 2.0, "instrument_name": "BTC-26APR24-33000-P", "tick_direction": 3, "trade_seq": 2905, "mark_price": 0.00014018, "amount": 2.0, "index_price": 65796.51, "direction": "sell", "price": 0.0001, "iv": 96.4, "timestamp": 1712098693652}]}, "_doc": "026c2332-a27f-41cd-b24f-e4f75b32e6ce"}, {"jsonrpc": "2.0", "method": "subscription", "params": {"channel": "trades.option.BTC.agg2", "data": [{"trade_id": "188092669", "contracts": 2.0, "instrument_name": "BTC-3APR24-63500-C", "tick_direction": 3, "trade_seq": 341, "mark_price": 0.03523072, "amount": 2.0, "index_price": 65796.51, "direction": "buy", "price": 0.0001, "iv": 0.0, "timestamp": 1712098693760}, {"trade_id": "188092670", "contracts": 6.0, "instrument_name": "BTC-3APR24-63500-C", "tick_direction": 3, "trade_seq": 342, "mark_price": 0.03523072, "amount": 6.0, "index_price": 65796.51, "direction": "buy", "price": 0.0001, "iv": 0.0, "timestamp": 1712098693760}, {"trade_id": "188092671", "contracts": 7.0, "instrument_name": "BTC-3APR24-63500-C", "tick_direction": 3, "trade_seq": 343, "mark_price": 0.03523072, "amount": 7.0, "index_price": 65796.51, "direction": "buy", "price": 0.0001, "iv": 0.0, "timestamp": 1712098693760}]}, "_doc": "54b29fc0-4391-4d1e-93e8-b8ba27422d8e"}, {"jsonrpc": "2.0", "method": "subscription", "params": {"channel": "trades.option.BTC.agg2", "data": [{"trade_id": "188092661", "contracts": 8.0, "instrument_name": "BTC-26APR24-100000-C", "tick_direction": 3, "trade_seq": 2094, "mark_price": 0.0020902, "amount": 8.0, "index_price": 65803.74, "direction": "sell", "price": 0.0025, "iv": 82.59, "timestamp": 1712098693170}]}, "_doc": "c426494f-9c17-47e7-8e60-e8b6a1be20c8"}, {"jsonrpc": "2.0", "method": "subscription", "params": {"channel": "trades.option.BTC.agg2", "data": [{"trade_id": "188092656", "contracts": 5.0, "instrument_name": "BTC-31MAY24-42000-P", "tick_direction": 0, "trade_seq": 1132, "mark_price": 0.00932663, "amount": 5.0, "index_price": 65803.74, "direction": "buy", "price": 0.0085, "iv": 82.75, "timestamp": 1712098692778}]}, "_doc": "f8732f74-0e57-445a-b975-0dc4180895a9"}, {"jsonrpc": "2.0", "method": "subscription", "params": {"channel": "trades.option.BTC.agg2", "data": [{"trade_id": "188092632", "contracts": 12.6, "instrument_name": "BTC-5APR24-73000-C", "tick_direction": 2, "trade_seq": 2460, "mark_price": 0.00292009, "amount": 12.6, "index_price": 65808.28, "direction": "sell", "price": 0.0011, "iv": 73.88, "timestamp": 1712098691329}]}, "_doc": "da709eb8-e741-44bd-b572-4545e741aba9"}, {"jsonrpc": "2.0", "method": "subscription", "params": {"channel": "trades.option.BTC.agg2", "data": [{"trade_id": "188092638", "contracts": 1.1, "instrument_name": "BTC-26APR24-125000-C", "tick_direction": 2, "trade_seq": 3113, "mark_price": 0.000146, "amount": 1.1, "index_price": 65806.69, "direction": "buy", "price": 0.0001, "iv": 82.32, "timestamp": 1712098691737}, {"trade_id": "188092639", "contracts": 2.0, "instrument_name": "BTC-26APR24-125000-C", "tick_direction": 3, "trade_seq": 3114, "mark_price": 0.000146, "amount": 2.0, "index_price": 65806.69, "direction": "buy", "price": 0.0001, "iv": 82.32, "timestamp": 1712098691737}]}, "_doc": "9c7e6530-dd67-471a-bc2e-ab7766de1f71"}, {"jsonrpc": "2.0", "method": "subscription", "params": {"channel": "trades.option.BTC.agg2", "data": [{"trade_id": "188092634", "contracts": 1.0, "instrument_name": "BTC-19APR24-105000-C", "tick_direction": 1, "trade_seq": 3022, "mark_price": 0.00142419, "amount": 1.0, "index_price": 65806.69, "direction": "sell", "price": 0.021, "iv": 168.79, "timestamp": 1712098691497}]}, "_doc": "0a31518c-25a9-4e71-b358-8e7b47abbaf0"}, {"jsonrpc": "2.0", "method": "subscription", "params": {"channel": "trades.option.BTC.agg2", "data": [{"trade_id": "188092623", "contracts": 3.0, "instrument_name": "BTC-19APR24-100000-C", "tick_direction": 2, "trade_seq": 2793, "mark_price": 0.00260287, "amount": 3.0, "index_price": 65808.28, "direction": "sell", "price": 0.0008, "iv": 84.15, "timestamp": 1712098690758}]}, "_doc": "f80ffb24-94ff-417d-997a-53941415fbfa"}, {"jsonrpc": "2.0", "method": "subscription", "params": {"channel": "trades.option.BTC.agg2", "data": [{"trade_id": "188092615", "contracts": 2.0, "instrument_name": "BTC-5APR24-80000-C", "tick_direction": 3, "trade_seq": 1592, "mark_price": 0.00010615, "amount": 2.0, "index_price": 65809.6, "direction": "buy", "price": 0.0001, "iv": 90.64, "timestamp": 1712098690307}, {"trade_id": "188092616", "contracts": 4.0, "instrument_name": "BTC-5APR24-80000-C", "tick_direction": 3, "trade_seq": 1593, "mark_price": 0.00010615, "amount": 4.0, "index_price": 65809.6, "direction": "buy", "price": 0.0001, "iv": 90.64, "timestamp": 1712098690307}, {"trade_id": "188092617", "contracts": 2.0, "instrument_name": "BTC-5APR24-80000-C", "tick_direction": 3, "trade_seq": 1594, "mark_price": 0.00010615, "amount": 2.0, "index_price": 65809.6, "direction": "buy", "price": 0.0001, "iv": 90.64, "timestamp": 1712098690307}]}, "_doc": "49a3db97-7de8-4f0a-b844-20c5b6bc4502"}, {"jsonrpc": "2.0", "method": "subscription", "params": {"channel": "trades.option.BTC.agg2", "data": [{"trade_id": "188092618", "contracts": 6.2, "instrument_name": "BTC-12APR24-58000-P", "tick_direction": 2, "trade_seq": 1361, "mark_price": 0.00698972, "amount": 6.2, "index_price": 65808.28, "direction": "sell", "price": 0.0075, "iv": 74.14, "timestamp": 1712098690377}, {"trade_id": "188092619", "contracts": 3.0, "instrument_name": "BTC-12APR24-58000-P", "tick_direction": 2, "trade_seq": 1362, "mark_price": 0.00698972, "amount": 3.0, "index_price": 65808.28, "direction": "sell", "price": 0.007, "iv": 72.57, "timestamp": 1712098690377}]}, "_doc": "49a1dba0-18e4-4240-8217-7d9f5d16ca92"}, {"jsonrpc": "2.0", "method": "subscription", "params": {"channel": "trades.option.BTC.agg2", "data": [{"block_trade_leg_count": 4, "trade_id": "188092596", "contracts": 25.0, "block_trade_id": "BLOCK-563819", "combo_id": "BTC-PCOND-5APR24-62000_63000_64000_65000", "instrument_name": "BTC-5APR24-64000-P", "tick_direction": 1, "trade_seq": 1820, "mark_price": 0.01086815, "amount": 25.0, "index_price": 65809.6, "direction": "buy", "price": 0.0111, "iv": 71.4, "timestamp": 1712098689456}]}, "_doc": "42c5fd1a-4132-4517-90b7-ceff134a6bfd"}, {"jsonrpc": "2.0", "method": "subscription", "params": {"channel": "trades.option.BTC.agg2", "data": [{"trade_id": "188092600", "contracts": 1.0, "instrument_name": "BTC-5APR24-68000-C", "tick_direction": 3, "trade_seq": 1164, "mark_price": 0.01654659, "amount": 1.0, "index_price": 65809.6, "direction": "buy", "price": 0.0001, "iv": 18.58, "timestamp": 1712098689630}]}, "_doc": "d6a4e1cd-bd5a-493c-a7a7-f156789240d8"}, {"jsonrpc": "2.0", "method": "subscription", "params": {"channel": "trades.option.BTC.agg2", "data": [{"block_trade_leg_count": 4, "trade_id": "188092593", "contracts": 25.0, "block_trade_id": "BLOCK-563819", "combo_id": "BTC-PCOND-5APR24-62000_63000_64000_65000", "instrument_name": "BTC-5APR24-62000-P", "tick_direction": 0, "trade_seq": 2261, "mark_price": 0.00524998, "amount": 25.0, "index_price": 65809.6, "direction": "sell", "price": 0.0053, "iv": 77.52, "timestamp": 1712098689456}]}, "_doc": "de11c8b6-681f-4b4e-a62b-44a7eddd56be"}, {"jsonrpc": "2.0", "method": "subscription", "params": {"channel": "trades.option.BTC.agg2", "data": [{"block_trade_leg_count": 4, "trade_id": "188092594", "contracts": 25.0, "block_trade_id": "BLOCK-563819", "combo_id": "BTC-PCOND-5APR24-62000_63000_64000_65000", "instrument_name": "BTC-5APR24-65000-P", "tick_direction": 2, "trade_seq": 1272, "mark_price": 0.01639164, "amount": 25.0, "index_price": 65809.6, "direction": "sell", "price": 0.0159, "iv": 68.97, "timestamp": 1712098689456}]}, "_doc": "4235aee2-ce87-4548-881b-0e3106857832"}, {"jsonrpc": "2.0", "method": "subscription", "params": {"channel": "trades.option.BTC.agg2", "data": [{"trade_id": "188092605", "contracts": 3.0, "instrument_name": "BTC-5APR24-61000-P", "tick_direction": 3, "trade_seq": 2961, "mark_price": 0.0031001, "amount": 3.0, "index_price": 65809.6, "direction": "buy", "price": 0.0001, "iv": 40.74, "timestamp": 1712098689862}]}, "_doc": "d62fc727-65d7-4cd0-825b-a2c32bbd667f"}, {"jsonrpc": "2.0", "method": "subscription", "params": {"channel": "trades.option.BTC.agg2", "data": [{"block_trade_leg_count": 4, "trade_id": "188092595", "contracts": 25.0, "block_trade_id": "BLOCK-563819", "combo_id": "BTC-PCOND-5APR24-62000_63000_64000_65000", "instrument_name": "BTC-5APR24-63000-P", "tick_direction": 1, "trade_seq": 1863, "mark_price": 0.00729488, "amount": 25.0, "index_price": 65809.6, "direction": "buy", "price": 0.0075, "iv": 73.52, "timestamp": 1712098689456}]}, "_doc": "8034fa3b-2028-4c09-8672-3fbeaf7c1249"}, {"jsonrpc": "2.0", "method": "subscription", "params": {"channel": "trades.option.BTC.agg2", "data": [{"trade_id": "188092604", "contracts": 1.0, "instrument_name": "BTC-3APR24-63500-C", "tick_direction": 3, "trade_seq": 340, "mark_price": 0.03532002, "amount": 1.0, "index_price": 65809.6, "direction": "buy", "price": 0.0001, "iv": 0.0, "timestamp": 1712098689796}]}, "_doc": "39beadc9-9798-48c4-abbb-e536fa9c1f0f"}, {"jsonrpc": "2.0", "method": "subscription", "params": {"channel": "trades.option.BTC.agg2", "data": [{"trade_id": "188092591", "contracts": 1.0, "instrument_name": "BTC-26APR24-41000-P", "tick_direction": 1, "trade_seq": 3549, "mark_price": 0.00149566, "amount": 1.0, "index_price": 65809.6, "direction": "sell", "price": 0.016, "iv": 155.49, "timestamp": 1712098689430}, {"trade_id": "188092592", "contracts": 1.0, "instrument_name": "BTC-26APR24-41000-P", "tick_direction": 1, "trade_seq": 3550, "mark_price": 0.00149566, "amount": 1.0, "index_price": 65809.6, "direction": "sell", "price": 0.016, "iv": 155.49, "timestamp": 1712098689430}]}, "_doc": "458a0def-fb4d-455e-a3ff-aa241c516902"}, {"jsonrpc": "2.0", "method": "subscription", "params": {"channel": "trades.option.BTC.agg2", "data": [{"trade_id": "188092586", "contracts": 2.0, "instrument_name": "BTC-4APR24-73000-C", "tick_direction": 3, "trade_seq": 1336, "mark_price": 9.954e-05, "amount": 2.0, "index_price": 65810.47, "direction": "buy", "price": 0.0001, "iv": 68.16, "timestamp": 1712098689041}]}, "_doc": "a8d1f2fb-15fb-456a-9fb5-e7583fd946f2"}, {"jsonrpc": "2.0", "method": "subscription", "params": {"channel": "trades.option.BTC.agg2", "data": [{"trade_id": "188092584", "contracts": 0.4, "instrument_name": "BTC-31MAY24-85000-C", "tick_direction": 0, "trade_seq": 935, "mark_price": 0.05996695, "amount": 0.4, "index_price": 65810.47, "direction": "buy", "price": 0.0475, "iv": 77.94, "timestamp": 1712098689005}]}, "_doc": "a5ec432f-a568-405f-84cd-4b604f5f0a6a"}, {"jsonrpc": "2.0", "method": "subscription", "params": {"channel": "trades.option.BTC.agg2", "data": [{"trade_id": "188092561", "contracts": 13.0, "instrument_name": "BTC-31MAY24-44000-P", "tick_direction": 0, "trade_seq": 1235, "mark_price": 0.01103733, "amount": 13.0, "index_price": 65810.11, "direction": "buy", "price": 0.011, "iv": 81.17, "timestamp": 1712098687776}]}, "_doc": "e5dfbe4b-eab6-4461-8cf0-402ad23bfb82"}, {"jsonrpc": "2.0", "method": "subscription", "params": {"channel": "trades.option.BTC.agg2", "data": [{"trade_id": "188092556", "contracts": 1.9, "instrument_name": "BTC-19APR24-110000-C", "tick_direction": 2, "trade_seq": 2408, "mark_price": 0.00076389, "amount": 1.9, "index_price": 65808.63, "direction": "sell", "price": 0.0001, "iv": 80.84, "timestamp": 1712098687300}]}, "_doc": "9b7ecf9e-f8da-4898-b018-7f0a7c720bfa"}, {"jsonrpc": "2.0", "method": "subscription", "params": {"channel": "trades.option.BTC.agg2", "data": [{"trade_id": "188092564", "contracts": 2.0, "instrument_name": "BTC-4APR24-68000-C", "tick_direction": 1, "trade_seq": 830, "mark_price": 0.00287184, "amount": 2.0, "index_price": 65810.11, "direction": "sell", "price": 0.0055, "iv": 68.52, "timestamp": 1712098687859}, {"trade_id": "188092570", "contracts": 1.0, "instrument_name": "BTC-4APR24-68000-C", "tick_direction": 0, "trade_seq": 831, "mark_price": 0.00287184, "amount": 1.0, "index_price": 65810.11, "direction": "buy", "price": 0.016, "iv": 118.35, "timestamp": 1712098688094}, {"trade_id": "188092571", "contracts": 1.0, "instrument_name": "BTC-4APR24-68000-C", "tick_direction": 0, "trade_seq": 832, "mark_price": 0.00287184, "amount": 1.0, "index_price": 65810.11, "direction": "buy", "price": 0.019, "iv": 131.51, "timestamp": 1712098688094}]}, "_doc": "063032b1-b16d-424f-963a-aa4f007a8c21"}, {"jsonrpc": "2.0", "method": "subscription", "params": {"channel": "trades.option.BTC.agg2", "data": [{"trade_id": "188092565", "contracts": 2.0, "instrument_name": "BTC-4APR24-62000-P", "tick_direction": 3, "trade_seq": 949, "mark_price": 0.00094902, "amount": 2.0, "index_price": 65810.11, "direction": "sell", "price": 0.0016, "iv": 70.94, "timestamp": 1712098687886}]}, "_doc": "119dd0d7-8d26-4aa9-a977-c6f60239567b"}, {"jsonrpc": "2.0", "method": "subscription", "params": {"channel": "trades.option.BTC.agg2", "data": [{"trade_id": "188092546", "contracts": 6.7, "instrument_name": "BTC-26APR24-115000-C", "tick_direction": 3, "trade_seq": 2799, "mark_price": 0.00030027, "amount": 6.7, "index_price": 65808.63, "direction": "buy", "price": 0.0001, "iv": 72.57, "timestamp": 1712098686865}, {"trade_id": "188092547", "contracts": 2.0, "instrument_name": "BTC-26APR24-115000-C", "tick_direction": 3, "trade_seq": 2800, "mark_price": 0.00030027, "amount": 2.0, "index_price": 65808.63, "direction": "buy", "price": 0.0001, "iv": 72.57, "timestamp": 1712098686865}, {"trade_id": "188092548", "contracts": 8.3, "instrument_name": "BTC-26APR24-115000-C", "tick_direction": 3, "trade_seq": 2801, "mark_price": 0.00030027, "amount": 8.3, "index_price": 65808.63, "direction": "buy", "price": 0.0001, "iv": 72.57, "timestamp": 1712098686865}]}, "_doc": "6ad15edd-3271-4d52-b355-1cb946f2627d"}, {"jsonrpc": "2.0", "method": "subscription", "params": {"channel": "trades.option.BTC.agg2", "data": [{"trade_id": "188092553", "contracts": 1.0, "instrument_name": "BTC-5APR24-68000-C", "tick_direction": 3, "trade_seq": 1163, "mark_price": 0.01628035, "amount": 1.0, "index_price": 65808.63, "direction": "buy", "price": 0.0001, "iv": 18.63, "timestamp": 1712098686956}]}, "_doc": "3cb5b8af-099a-4d20-8d85-693b2b2dff52"}, {"jsonrpc": "2.0", "method": "subscription", "params": {"channel": "trades.option.BTC.agg2", "data": [{"trade_id": "188092534", "contracts": 2.0, "instrument_name": "BTC-27DEC24-70000-C", "tick_direction": 0, "trade_seq": 1568, "mark_price": 0.11866122, "amount": 2.0, "index_price": 65808.63, "direction": "sell", "price": 0.2405, "iv": 65.37, "timestamp": 1712098686350}, {"trade_id": "188092535", "contracts": 1.0, "instrument_name": "BTC-27DEC24-70000-C", "tick_direction": 2, "trade_seq": 1569, "mark_price": 0.11866122, "amount": 1.0, "index_price": 65808.63, "direction": "sell", "price": 0.2395, "iv": 65.06, "timestamp": 1712098686350}, {"trade_id": "188092536", "contracts": 1.0, "instrument_name": "BTC-27DEC24-70000-C", "tick_direction": 2, "trade_seq": 1570, "mark_price": 0.11866122, "amount": 1.0, "index_price": 65808.63, "direction": "sell", "price": 0.238, "iv": 64.59, "timestamp": 1712098686350}, {"trade_id": "188092537", "contracts": 2.0, "instrument_name": "BTC-27DEC24-70000-C", "tick_direction": 3, "trade_seq": 1571, "mark_price": 0.11866122, "amount": 2.0, "index_price": 65808.63, "direction": "sell", "price": 0.238, "iv": 64.59, "timestamp": 1712098686350}, {"trade_id": "188092538", "contracts": 1.0, "instrument_name": "BTC-27DEC24-70000-C", "tick_direction": 3, "trade_seq": 1572, "mark_price": 0.11866122, "amount": 1.0, "index_price": 65808.63, "direction": "sell", "price": 0.238, "iv": 64.59, "timestamp": 1712098686350}]}, "_doc": "d5051213-b307-4fbe-8d1e-33fdb4298981"}, {"jsonrpc": "2.0", "method": "subscription", "params": {"channel": "trades.option.BTC.agg2", "data": [{"trade_id": "188092551", "contracts": 2.0, "instrument_name": "BTC-12APR24-67000-C", "tick_direction": 3, "trade_seq": 751, "mark_price": 0.03861683, "amount": 2.0, "index_price": 65808.63, "direction": "buy", "price": 0.01, "iv": 24.14, "timestamp": 1712098686934}]}, "_doc": "6abd4f4a-9cd8-43d1-a61f-e2676350d273"}, {"jsonrpc": "2.0", "method": "subscription", "params": {"channel": "trades.option.BTC.agg2", "data": [{"trade_id": "188092527", "contracts": 1.0, "instrument_name": "BTC-27DEC24-95000-C", "tick_direction": 0, "trade_seq": 966, "mark_price": 0.17563073, "amount": 1.0, "index_price": 65808.65, "direction": "sell", "price": 0.2765, "iv": 107.76, "timestamp": 1712098685465}]}, "_doc": "a2ebbb99-a1c0-4490-8055-65cbc793b5ec"}, {"jsonrpc": "2.0", "method": "subscription", "params": {"channel": "trades.option.BTC.agg2", "data": [{"trade_id": "188092532", "contracts": 1.0, "instrument_name": "BTC-5APR24-70000-C", "tick_direction": 3, "trade_seq": 1592, "mark_price": 0.00851021, "amount": 1.0, "index_price": 65808.65, "direction": "sell", "price": 0.0044, "iv": 70.87, "timestamp": 1712098686123}]}, "_doc": "6ac7ed47-693d-4bbf-bf4a-c05004c97fe7"}, {"jsonrpc": "2.0", "method": "subscription", "params": {"channel": "trades.option.BTC.agg2", "data": [{"trade_id": "188092528", "contracts": 3.0, "instrument_name": "BTC-19APR24-105000-C", "tick_direction": 0, "trade_seq": 3020, "mark_price": 0.00141465, "amount": 3.0, "index_price": 65808.65, "direction": "sell", "price": 0.021, "iv": 168.79, "timestamp": 1712098685655}, {"trade_id": "188092529", "contracts": 3.0, "instrument_name": "BTC-19APR24-105000-C", "tick_direction": 1, "trade_seq": 3021, "mark_price": 0.00141465, "amount": 3.0, "index_price": 65808.65, "direction": "sell", "price": 0.021, "iv": 168.79, "timestamp": 1712098685655}]}, "_doc": "1bd942a0-f421-419b-b190-6cd6b6435c9e"}, {"jsonrpc": "2.0", "method": "subscription", "params": {"channel": "trades.option.BTC.agg2", "data": [{"trade_id": "188092523", "contracts": 0.2, "instrument_name": "BTC-28JUN24-25000-P", "tick_direction": 3, "trade_seq": 2687, "mark_price": 0.00073446, "amount": 0.2, "index_price": 65811.59, "direction": "sell", "price": 0.0007, "iv": 87.06, "timestamp": 1712098685214}]}, "_doc": "1e32593e-4cdb-4c9c-bf0a-927a66ab10d2"}, {"jsonrpc": "2.0", "method": "subscription", "params": {"channel": "trades.option.BTC.agg2", "data": [{"trade_id": "188092533", "contracts": 1.0, "instrument_name": "BTC-27SEP24-46000-P", "tick_direction": 3, "trade_seq": 1430, "mark_price": 0.05432802, "amount": 1.0, "index_price": 65808.65, "direction": "sell", "price": 0.051, "iv": 78.74, "timestamp": 1712098686127}]}, "_doc": "d6f48e59-91a4-442b-8a51-5da95323fbbe"}, {"jsonrpc": "2.0", "method": "subscription", "params": {"channel": "trades.option.BTC.agg2", "data": [{"trade_id": "188092522", "contracts": 3.0, "instrument_name": "BTC-19APR24-100000-C", "tick_direction": 2, "trade_seq": 2792, "mark_price": 0.00258361, "amount": 3.0, "index_price": 65811.59, "direction": "buy", "price": 0.0017, "iv": 93.47, "timestamp": 1712098685177}]}, "_doc": "603a9bbe-76b6-4556-9bb9-8611edbca74f"}, {"jsonrpc": "2.0", "method": "subscription", "params": {"channel": "trades.option.BTC.agg2", "data": [{"trade_id": "188092521", "contracts": 5.0, "instrument_name": "BTC-27DEC24-15000-P", "tick_direction": 0, "trade_seq": 2588, "mark_price": 0.00355165, "amount": 5.0, "index_price": 65811.59, "direction": "sell", "price": 0.0035, "iv": 95.82, "timestamp": 1712098684988}]}, "_doc": "47f82e71-3d54-4e3c-8f11-dc855b182353"}, {"jsonrpc": "2.0", "method": "subscription", "params": {"channel": "trades.option.BTC.agg2", "data": [{"trade_id": "188092515", "contracts": 12.0, "instrument_name": "BTC-5APR24-70000-C", "tick_direction": 3, "trade_seq": 1591, "mark_price": 0.00831539, "amount": 12.0, "index_price": 65811.59, "direction": "sell", "price": 0.0044, "iv": 70.79, "timestamp": 1712098684420}]}, "_doc": "1685dbfd-7860-4bfd-bfe9-a6c1498c1727"}, {"jsonrpc": "2.0", "method": "subscription", "params": {"channel": "trades.option.BTC.agg2", "data": [{"trade_id": "188092513", "contracts": 1.0, "instrument_name": "BTC-26APR24-47000-P", "tick_direction": 3, "trade_seq": 3080, "mark_price": 0.00460022, "amount": 1.0, "index_price": 65811.59, "direction": "buy", "price": 0.0001, "iv": 50.28, "timestamp": 1712098684341}]}, "_doc": "d0ec4755-02ad-4919-86bd-f63ef30f8002"}, {"jsonrpc": "2.0", "id": 8024258806, "result": ["trades.option.BTC.agg2"], "usIn": 1712098685062130, "usOut": 1712098685062339, "usDiff": 209, "testnet": true, "_doc": "f92e4b7e-9dfe-40fa-a9eb-9df3d6b46d45"}, {"jsonrpc": "2.0", "method": "subscription", "params": {"channel": "trades.option.BTC.agg2", "data": [{"trade_id": "188085234", "contracts": 3.0, "instrument_name": "BTC-28MAR25-50000-P", "tick_direction": 0, "trade_seq": 712, "mark_price": 0.12058168, "amount": 3.0, "index_price": 65795.29, "direction": "buy", "price": 0.1245, "iv": 79.24, "timestamp": 1712097973079}, {"trade_id": "188085235", "contracts": 3.0, "instrument_name": "BTC-28MAR25-50000-P", "tick_direction": 1, "trade_seq": 713, "mark_price": 0.12058168, "amount": 3.0, "index_price": 65795.29, "direction": "buy", "price": 0.1245, "iv": 79.24, "timestamp": 1712097973079}, {"trade_id": "188085236", "contracts": 3.0, "instrument_name": "BTC-28MAR25-50000-P", "tick_direction": 1, "trade_seq": 714, "mark_price": 0.12058168, "amount": 3.0, "index_price": 65795.29, "direction": "buy", "price": 0.1245, "iv": 79.24, "timestamp": 1712097973079}, {"trade_id": "188085237", "contracts": 3.0, "instrument_name": "BTC-28MAR25-50000-P", "tick_direction": 0, "trade_seq": 715, "mark_price": 0.12058168, "amount": 3.0, "index_price": 65795.29, "direction": "buy", "price": 0.126, "iv": 79.8, "timestamp": 1712097973079}, {"trade_id": "188085238", "contracts": 3.0, "instrument_name": "BTC-28MAR25-50000-P", "tick_direction": 1, "trade_seq": 716, "mark_price": 0.12058168, "amount": 3.0, "index_price": 65795.29, "direction": "buy", "price": 0.126, "iv": 79.8, "timestamp": 1712097973079}, {"trade_id": "188085239", "contracts": 1.0, "instrument_name": "BTC-28MAR25-50000-P", "tick_direction": 1, "trade_seq": 717, "mark_price": 0.12058168, "amount": 1.0, "index_price": 65795.29, "direction": "buy", "price": 0.126, "iv": 79.8, "timestamp": 1712097973079}]}, "_doc": "3d2c6a04-30dc-4754-af15-28a0edf4aa74"}, {"jsonrpc": "2.0", "method": "subscription", "params": {"channel": "trades.option.BTC.agg2", "data": [{"trade_id": "188085241", "contracts": 2.0, "instrument_name": "BTC-27SEP24-70000-C", "tick_direction": 2, "trade_seq": 1153, "mark_price": 0.22724505, "amount": 2.0, "index_price": 65795.29, "direction": "sell", "price": 0.2255, "iv": 78.98, "timestamp": 1712097973310}]}, "_doc": "45bef030-c176-4308-841c-c87d729c52bc"}, {"jsonrpc": "2.0", "method": "subscription", "params": {"channel": "trades.option.BTC.agg2", "data": [{"trade_id": "188085226", "contracts": 1.0, "instrument_name": "BTC-3APR24-66000-P", "tick_direction": 1, "trade_seq": 1088, "mark_price": 0.00319608, "amount": 1.0, "index_price": 65797.88, "direction": "buy", "price": 0.013, "iv": 87.36, "timestamp": 1712097971956}]}, "_doc": "f5c08815-f129-434d-99f3-28a4fe435ab0"}, {"jsonrpc": "2.0", "method": "subscription", "params": {"channel": "trades.option.BTC.agg2", "data": [{"trade_id": "188085221", "contracts": 2.0, "instrument_name": "BTC-12APR24-65000-P", "tick_direction": 2, "trade_seq": 737, "mark_price": 0.03678328, "amount": 2.0, "index_price": 65797.08, "direction": "sell", "price": 0.036, "iv": 68.61, "timestamp": 1712097970738}]}, "_doc": "4dd62bc7-1e1c-4ee0-948e-b7d814656843"}, {"jsonrpc": "2.0", "method": "subscription", "params": {"channel": "trades.option.BTC.agg2", "data": [{"trade_id": "188085222", "contracts": 5.0, "instrument_name": "BTC-28JUN24-30000-P", "tick_direction": 1, "trade_seq": 2727, "mark_price": 0.00267521, "amount": 5.0, "index_price": 65797.88, "direction": "buy", "price": 0.0028, "iv": 87.97, "timestamp": 1712097971407}]}, "_doc": "2887a536-e014-45e2-afa0-72c726535621"}, {"jsonrpc": "2.0", "method": "subscription", "params": {"channel": "trades.option.BTC.agg2", "data": [{"trade_id": "188085223", "contracts": 2.0, "instrument_name": "BTC-28JUN24-46000-P", "tick_direction": 2, "trade_seq": 1019, "mark_price": 0.02562149, "amount": 2.0, "index_price": 65797.88, "direction": "buy", "price": 0.0085, "iv": 58.81, "timestamp": 1712097971429}]}, "_doc": "7f768d75-6df4-46ca-b921-140d8dbb3a8a"}, {"jsonrpc": "2.0", "method": "subscription", "params": {"channel": "trades.option.BTC.agg2", "data": [{"trade_id": "188085217", "contracts": 5.0, "instrument_name": "BTC-31MAY24-73000-C", "tick_direction": 2, "trade_seq": 1002, "mark_price": 0.09006461, "amount": 5.0, "index_price": 65796.33, "direction": "sell", "price": 0.0885, "iv": 74.81, "timestamp": 1712097970175}]}, "_doc": "a7733b6c-1e77-4cec-abee-e00b10f6f2c6"}, {"jsonrpc": "2.0", "method": "subscription", "params": {"channel": "trades.option.BTC.agg2", "data": [{"trade_id": "188085210", "contracts": 1.0, "instrument_name": "BTC-26APR24-33000-P", "tick_direction": 1, "trade_seq": 2893, "mark_price": 0.00015069, "amount": 1.0, "index_price": 65796.33, "direction": "sell", "price": 0.015, "iv": 206.37, "timestamp": 1712097969514}]}, "_doc": "89819c2e-7cb0-4d12-a3a4-70111b40eb0d"}, {"jsonrpc": "2.0", "method": "subscription", "params": {"channel": "trades.option.BTC.agg2", "data": [{"trade_id": "188085215", "contracts": 2.0, "instrument_name": "BTC-19APR24-76000-C", "tick_direction": 0, "trade_seq": 658, "mark_price": 0.01700373, "amount": 2.0, "index_price": 65796.33, "direction": "buy", "price": 0.0175, "iv": 73.79, "timestamp": 1712097969880}]}, "_doc": "eb7ee334-2570-4fb4-8c97-f84192da7b7e"}, {"jsonrpc": "2.0", "method": "subscription", "params": {"channel": "trades.option.BTC.agg2", "data": [{"trade_id": "188085213", "contracts": 8.0, "instrument_name": "BTC-3APR24-68000-C", "tick_direction": 0, "trade_seq": 1171, "mark_price": 0.00019995, "amount": 8.0, "index_price": 65796.33, "direction": "buy", "price": 0.0014, "iv": 82.17, "timestamp": 1712097969852}]}, "_doc": "67cbd1de-fb0b-471d-9b40-f8e15b406dd0"}, {"jsonrpc": "2.0", "method": "subscription", "params": {"channel": "trades.option.BTC.agg2", "data": [{"trade_id": "188085207", "contracts": 2.0, "instrument_name": "BTC-3APR24-66000-P", "tick_direction": 0, "trade_seq": 1087, "mark_price": 0.00325133, "amount": 2.0, "index_price": 65796.33, "direction": "buy", "price": 0.013, "iv": 87.17, "timestamp": 1712097969377}]}, "_doc": "7e683a8f-741c-4c8d-a0da-1e14c1effae3"}, {"jsonrpc": "2.0", "method": "subscription", "params": {"channel": "trades.option.BTC.agg2", "data": [{"trade_id": "188085198", "contracts": 1.0, "instrument_name": "BTC-12APR24-79000-C", "tick_direction": 3, "trade_seq": 888, "mark_price": 0.00430976, "amount": 1.0, "index_price": 65794.19, "direction": "buy", "price": 0.0043, "iv": 76.48, "timestamp": 1712097968930}, {"trade_id": "188085199", "contracts": 0.9, "instrument_name": "BTC-12APR24-79000-C", "tick_direction": 0, "trade_seq": 889, "mark_price": 0.00430976, "amount": 0.9, "index_price": 65794.19, "direction": "buy", "price": 0.005, "iv": 79.28, "timestamp": 1712097968930}]}, "_doc": "94a1d4bb-c252-4d0d-8552-e5f7b126a171"}, {"jsonrpc": "2.0", "method": "subscription", "params": {"channel": "trades.option.BTC.agg2", "data": [{"trade_id": "188085208", "contracts": 2.0, "instrument_name": "BTC-26APR24-33000-P", "tick_direction": 0, "trade_seq": 2892, "mark_price": 0.00015069, "amount": 2.0, "index_price": 65796.33, "direction": "sell", "price": 0.015, "iv": 206.37, "timestamp": 1712097969423}]}, "_doc": "47c2c6c1-d757-44a5-9c9b-3868532696c2"}, {"jsonrpc": "2.0", "method": "subscription", "params": {"channel": "trades.option.BTC.agg2", "data": [{"trade_id": "188085203", "contracts": 1.0, "instrument_name": "BTC-26APR24-40000-P", "tick_direction": 0, "trade_seq": 3868, "mark_price": 0.00162728, "amount": 1.0, "index_price": 65794.19, "direction": "buy", "price": 0.0016, "iv": 99.73, "timestamp": 1712097969173}]}, "_doc": "3b85a0d3-cc61-4641-ae95-9638a7a73f0f"}, {"jsonrpc": "2.0", "method": "subscription", "params": {"channel": "trades.option.BTC.agg2", "data": [{"trade_id": "188085182", "contracts": 2.0, "instrument_name": "BTC-27DEC24-170000-C", "tick_direction": 0, "trade_seq": 805, "mark_price": 0.06623928, "amount": 2.0, "index_price": 65794.19, "direction": "buy", "price": 0.027, "iv": 66.86, "timestamp": 1712097967514}, {"trade_id": "188085183", "contracts": 1.0, "instrument_name": "BTC-27DEC24-170000-C", "tick_direction": 1, "trade_seq": 806, "mark_price": 0.06623928, "amount": 1.0, "index_price": 65794.19, "direction": "buy", "price": 0.027, "iv": 66.86, "timestamp": 1712097967514}]}, "_doc": "f9ba0c70-bde2-4105-b6d4-e199129837a7"}, {"jsonrpc": "2.0", "method": "subscription", "params": {"channel": "trades.option.BTC.agg2", "data": [{"trade_id": "188085194", "contracts": 3.0, "instrument_name": "BTC-3APR24-66000-P", "tick_direction": 2, "trade_seq": 1086, "mark_price": 0.00325191, "amount": 3.0, "index_price": 65794.19, "direction": "sell", "price": 0.008, "iv": 48.3, "timestamp": 1712097968404}]}, "_doc": "5de006d4-7114-470c-9017-3fc00880ceee"}, {"jsonrpc": "2.0", "method": "subscription", "params": {"channel": "trades.option.BTC.agg2", "data": [{"trade_id": "188085187", "contracts": 1.0, "instrument_name": "BTC-5APR24-59000-P", "tick_direction": 0, "trade_seq": 2449, "mark_price": 0.00114959, "amount": 1.0, "index_price": 65794.19, "direction": "buy", "price": 0.0095, "iv": 139.1, "timestamp": 1712097968099}, {"trade_id": "188085188", "contracts": 1.0, "instrument_name": "BTC-5APR24-59000-P", "tick_direction": 1, "trade_seq": 2450, "mark_price": 0.00114959, "amount": 1.0, "index_price": 65794.19, "direction": "buy", "price": 0.0095, "iv": 139.1, "timestamp": 1712097968099}, {"trade_id": "188085189", "contracts": 1.0, "instrument_name": "BTC-5APR24-59000-P", "tick_direction": 1, "trade_seq": 2451, "mark_price": 0.00114959, "amount": 1.0, "index_price": 65794.19, "direction": "buy", "price": 0.0095, "iv": 139.1, "timestamp": 1712097968099}, {"trade_id": "188085190", "contracts": 1.0, "instrument_name": "BTC-5APR24-59000-P", "tick_direction": 1, "trade_seq": 2452, "mark_price": 0.00114959, "amount": 1.0, "index_price": 65794.19, "direction": "buy", "price": 0.0095, "iv": 139.1, "timestamp": 1712097968099}, {"trade_id": "188085191", "contracts": 1.0, "instrument_name": "BTC-5APR24-59000-P", "tick_direction": 1, "trade_seq": 2453, "mark_price": 0.00114959, "amount": 1.0, "index_price": 65794.19, "direction": "buy", "price": 0.0095, "iv": 139.1, "timestamp": 1712097968099}]}, "_doc": "565cde65-6a65-4238-8d58-115c58810664"}, {"jsonrpc": "2.0", "method": "subscription", "params": {"channel": "trades.option.BTC.agg2", "data": [{"trade_id": "188085181", "contracts": 5.0, "instrument_name": "BTC-5APR24-69000-P", "tick_direction": 0, "trade_seq": 691, "mark_price": 0.0568481, "amount": 5.0, "index_price": 65794.19, "direction": "buy", "price": 0.058, "iv": 79.38, "timestamp": 1712097967473}]}, "_doc": "e8e1c4b9-cd1a-4cbf-a534-2727af50877e"}, {"jsonrpc": "2.0", "method": "subscription", "params": {"channel": "trades.option.BTC.agg2", "data": [{"trade_id": "188085192", "contracts": 1.0, "instrument_name": "BTC-27SEP24-45000-P", "tick_direction": 1, "trade_seq": 1195, "mark_price": 0.0487554, "amount": 1.0, "index_price": 65794.19, "direction": "buy", "price": 0.05, "iv": 80.56, "timestamp": 1712097968243}]}, "_doc": "ddf695d7-9252-4e8f-8358-85d64cb6df30"}, {"jsonrpc": "2.0", "method": "subscription", "params": {"channel": "trades.option.BTC.agg2", "data": [{"trade_id": "188085177", "contracts": 9.0, "instrument_name": "BTC-31MAY24-140000-C", "tick_direction": 2, "trade_seq": 1228, "mark_price": 0.00777832, "amount": 9.0, "index_price": 65796.22, "direction": "sell", "price": 0.0033, "iv": 86.93, "timestamp": 1712097966553}]}, "_doc": "ad70eb5c-c33b-4b1e-bb25-4566411d175c"}, {"jsonrpc": "2.0", "method": "subscription", "params": {"channel": "trades.option.BTC.agg2", "data": [{"trade_id": "188085178", "contracts": 1.0, "instrument_name": "BTC-26APR24-33000-P", "tick_direction": 1, "trade_seq": 2890, "mark_price": 0.00015069, "amount": 1.0, "index_price": 65794.19, "direction": "sell", "price": 0.0002, "iv": 102.88, "timestamp": 1712097967290}, {"trade_id": "188085180", "contracts": 2.0, "instrument_name": "BTC-26APR24-33000-P", "tick_direction": 2, "trade_seq": 2891, "mark_price": 0.00015069, "amount": 2.0, "index_price": 65794.19, "direction": "sell", "price": 0.0001, "iv": 96.17, "timestamp": 1712097967352}]}, "_doc": "0635bc1f-1fd4-4d41-be86-4af59db15a01"}, {"jsonrpc": "2.0", "method": "subscription", "params": {"channel": "trades.option.BTC.agg2", "data": [{"trade_id": "188085162", "contracts": 4.0, "instrument_name": "BTC-12APR24-50000-P", "tick_direction": 3, "trade_seq": 2534, "mark_price": 0.00041866, "amount": 4.0, "index_price": 65796.24, "direction": "sell", "price": 0.0013, "iv": 90.2, "timestamp": 1712097965597}]}, "_doc": "cbc861b2-a531-47bc-98b0-73cf420a98fc"}, {"jsonrpc": "2.0", "method": "subscription", "params": {"channel": "trades.option.BTC.agg2", "data": [{"trade_id": "188085165", "contracts": 4.6, "instrument_name": "BTC-12APR24-55000-P", "tick_direction": 3, "trade_seq": 2583, "mark_price": 0.00329686, "amount": 4.6, "index_price": 65796.24, "direction": "buy", "price": 0.0001, "iv": 44.22, "timestamp": 1712097965933}, {"trade_id": "188085166", "contracts": 1.0, "instrument_name": "BTC-12APR24-55000-P", "tick_direction": 3, "trade_seq": 2584, "mark_price": 0.00329686, "amount": 1.0, "index_price": 65796.24, "direction": "buy", "price": 0.0001, "iv": 44.22, "timestamp": 1712097965933}, {"trade_id": "188085167", "contracts": 1.4, "instrument_name": "BTC-12APR24-55000-P", "tick_direction": 3, "trade_seq": 2585, "mark_price": 0.00329686, "amount": 1.4, "index_price": 65796.24, "direction": "buy", "price": 0.0001, "iv": 44.22, "timestamp": 1712097965933}]}, "_doc": "bc4570e5-1adb-4450-9989-d7434fb8de32"}, {"jsonrpc": "2.0", "method": "subscription", "params": {"channel": "trades.option.BTC.agg2", "data": [{"trade_id": "188085163", "contracts": 1.0, "instrument_name": "BTC-26APR24-34000-P", "tick_direction": 1, "trade_seq": 3247, "mark_price": 0.00022511, "amount": 1.0, "index_price": 65796.24, "direction": "sell", "price": 0.015, "iv": 198.95, "timestamp": 1712097965689}]}, "_doc": "e3df22dc-cb0f-46a2-91f2-38b8b980497d"}, {"jsonrpc": "2.0", "method": "subscription", "params": {"channel": "trades.option.BTC.agg2", "data": [{"trade_id": "188085168", "contracts": 1.0, "instrument_name": "BTC-28JUN24-28000-P", "tick_direction": 3, "trade_seq": 2735, "mark_price": 0.00240156, "amount": 1.0, "index_price": 65796.24, "direction": "sell", "price": 0.0015, "iv": 86.01, "timestamp": 1712097965953}]}, "_doc": "0aa09f53-9839-4587-88b2-aafe871da5b3"}, {"jsonrpc": "2.0", "method": "subscription", "params": {"channel": "trades.option.BTC.agg2", "data": [{"trade_id": "188085170", "contracts": 4.0, "instrument_name": "BTC-5APR24-69000-P", "tick_direction": 1, "trade_seq": 684, "mark_price": 0.05679507, "amount": 4.0, "index_price": 65796.22, "direction": "buy", "price": 0.0095, "iv": 0.0, "timestamp": 1712097966405}, {"trade_id": "188085171", "contracts": 1.0, "instrument_name": "BTC-5APR24-69000-P", "tick_direction": 1, "trade_seq": 685, "mark_price": 0.05679507, "amount": 1.0, "index_price": 65796.22, "direction": "buy", "price": 0.0095, "iv": 0.0, "timestamp": 1712097966405}, {"trade_id": "188085172", "contracts": 1.0, "instrument_name": "BTC-5APR24-69000-P", "tick_direction": 0, "trade_seq": 686, "mark_price": 0.05679507, "amount": 1.0, "index_price": 65796.22, "direction": "buy", "price": 0.0155, "iv": 0.0, "timestamp": 1712097966405}, {"trade_id": "188085173", "contracts": 5.0, "instrument_name": "BTC-5APR24-69000-P", "tick_direction": 1, "trade_seq": 687, "mark_price": 0.05679507, "amount": 5.0, "index_price": 65796.22, "direction": "buy", "price": 0.0155, "iv": 0.0, "timestamp": 1712097966405}, {"trade_id": "188085174", "contracts": 2.0, "instrument_name": "BTC-5APR24-69000-P", "tick_direction": 1, "trade_seq": 688, "mark_price": 0.05679507, "amount": 2.0, "index_price": 65796.22, "direction": "buy", "price": 0.0155, "iv": 0.0, "timestamp": 1712097966405}, {"trade_id": "188085175", "contracts": 1.0, "instrument_name": "BTC-5APR24-69000-P", "tick_direction": 1, "trade_seq": 689, "mark_price": 0.05679507, "amount": 1.0, "index_price": 65796.22, "direction": "buy", "price": 0.0155, "iv": 0.0, "timestamp": 1712097966405}, {"trade_id": "188085176", "contracts": 5.0, "instrument_name": "BTC-5APR24-69000-P", "tick_direction": 0, "trade_seq": 690, "mark_price": 0.05679507, "amount": 5.0, "index_price": 65796.22, "direction": "buy", "price": 0.0515, "iv": 48.35, "timestamp": 1712097966405}]}, "_doc": "27b27e2d-937c-4257-a240-a8e89f8077f8"}, {"jsonrpc": "2.0", "method": "subscription", "params": {"channel": "trades.option.BTC.agg2", "data": [{"trade_id": "188085164", "contracts": 2.0, "instrument_name": "BTC-26APR24-33000-P", "tick_direction": 1, "trade_seq": 2889, "mark_price": 0.00015067, "amount": 2.0, "index_price": 65796.24, "direction": "sell", "price": 0.0002, "iv": 102.88, "timestamp": 1712097965837}]}, "_doc": "d88fb6af-edcb-4e9c-84b9-5e3a3c32cad6"}, {"jsonrpc": "2.0", "method": "subscription", "params": {"channel": "trades.option.BTC.agg2", "data": [{"trade_id": "188085169", "contracts": 10.0, "instrument_name": "BTC-26APR24-57000-P", "tick_direction": 2, "trade_seq": 1246, "mark_price": 0.02181057, "amount": 10.0, "index_price": 65796.24, "direction": "sell", "price": 0.018, "iv": 70.88, "timestamp": 1712097966203}]}, "_doc": "9e737d84-e04e-4988-9c8b-93b4adfdbcba"}, {"jsonrpc": "2.0", "method": "subscription", "params": {"channel": "trades.option.BTC.agg2", "data": [{"trade_id": "188085157", "contracts": 1.0, "instrument_name": "BTC-19APR24-62000-C", "tick_direction": 2, "trade_seq": 371, "mark_price": 0.09671668, "amount": 1.0, "index_price": 65796.93, "direction": "sell", "price": 0.0955, "iv": 70.59, "timestamp": 1712097965191}, {"trade_id": "188085158", "contracts": 1.0, "instrument_name": "BTC-19APR24-62000-C", "tick_direction": 2, "trade_seq": 372, "mark_price": 0.09671668, "amount": 1.0, "index_price": 65796.93, "direction": "sell", "price": 0.094, "iv": 68.56, "timestamp": 1712097965191}, {"trade_id": "188085160", "contracts": 2.0, "instrument_name": "BTC-19APR24-62000-C", "tick_direction": 3, "trade_seq": 373, "mark_price": 0.09671668, "amount": 2.0, "index_price": 65796.24, "direction": "sell", "price": 0.094, "iv": 68.6, "timestamp": 1712097965372}]}, "_doc": "d7eb3f4b-ad19-4d04-8884-fe18f514f7d4"}, {"jsonrpc": "2.0", "method": "subscription", "params": {"channel": "trades.option.BTC.agg2", "data": [{"trade_id": "188085153", "contracts": 3.0, "instrument_name": "BTC-28JUN24-22000-P", "tick_direction": 0, "trade_seq": 2439, "mark_price": 0.00087367, "amount": 3.0, "index_price": 65796.93, "direction": "buy", "price": 0.0012, "iv": 104.23, "timestamp": 1712097964665}]}, "_doc": "043faf84-2a59-4254-8aab-2f91df3fd4b8"}, {"jsonrpc": "2.0", "method": "subscription", "params": {"channel": "trades.option.BTC.agg2", "data": [{"trade_id": "188085161", "contracts": 1.0, "instrument_name": "BTC-28JUN24-32000-P", "tick_direction": 3, "trade_seq": 2140, "mark_price": 0.00385057, "amount": 1.0, "index_price": 65796.24, "direction": "sell", "price": 0.0023, "iv": 79.16, "timestamp": 1712097965397}]}, "_doc": "9cbe405a-2842-450d-a692-cfe6b40f8f0f"}, {"jsonrpc": "2.0", "method": "subscription", "params": {"channel": "trades.option.BTC.agg2", "data": [{"trade_id": "188085154", "contracts": 4.0, "instrument_name": "BTC-26APR24-57000-P", "tick_direction": 0, "trade_seq": 1243, "mark_price": 0.02171703, "amount": 4.0, "index_price": 65796.93, "direction": "buy", "price": 0.0225, "iv": 77.66, "timestamp": 1712097964995}, {"trade_id": "188085155", "contracts": 4.0, "instrument_name": "BTC-26APR24-57000-P", "tick_direction": 1, "trade_seq": 1244, "mark_price": 0.02171703, "amount": 4.0, "index_price": 65796.93, "direction": "buy", "price": 0.0225, "iv": 77.66, "timestamp": 1712097964995}, {"trade_id": "188085156", "contracts": 2.0, "instrument_name": "BTC-26APR24-57000-P", "tick_direction": 1, "trade_seq": 1245, "mark_price": 0.02171703, "amount": 2.0, "index_price": 65796.93, "direction": "buy", "price": 0.0225, "iv": 77.66, "timestamp": 1712097964995}]}, "_doc": "f14fd4ab-c666-4ab5-b771-1c84a3b432de"}, {"jsonrpc": "2.0", "method": "subscription", "params": {"channel": "trades.option.BTC.agg2", "data": [{"trade_id": "188085150", "contracts": 1.0, "instrument_name": "BTC-12APR24-85000-C", "tick_direction": 1, "trade_seq": 1508, "mark_price": 0.00427629, "amount": 1.0, "index_price": 65796.93, "direction": "sell", "price": 0.0375, "iv": 186.46, "timestamp": 1712097964536}, {"trade_id": "188085151", "contracts": 0.6, "instrument_name": "BTC-12APR24-85000-C", "tick_direction": 1, "trade_seq": 1509, "mark_price": 0.00427629, "amount": 0.6, "index_price": 65796.93, "direction": "sell", "price": 0.0375, "iv": 186.46, "timestamp": 1712097964536}]}, "_doc": "d9fd581a-0d77-447e-88a9-333219ba6c1d"}, {"jsonrpc": "2.0", "method": "subscription", "params": {"channel": "trades.option.BTC.agg2", "data": [{"trade_id": "188085159", "contracts": 2.0, "instrument_name": "BTC-31MAY24-66000-P", "tick_direction": 1, "trade_seq": 969, "mark_price": 0.10494967, "amount": 2.0, "index_price": 65796.24, "direction": "buy", "price": 0.1065, "iv": 75.78, "timestamp": 1712097965280}]}, "_doc": "a1361661-1c25-4220-b4fa-145cf06e396c"}, {"jsonrpc": "2.0", "method": "subscription", "params": {"channel": "trades.option.BTC.agg2", "data": [{"trade_id": "188085149", "contracts": 3.0, "instrument_name": "BTC-28JUN24-22000-P", "tick_direction": 2, "trade_seq": 2438, "mark_price": 0.00087367, "amount": 3.0, "index_price": 65800.13, "direction": "sell", "price": 0.001, "iv": 101.75, "timestamp": 1712097964101}]}, "_doc": "6c3957cd-a3af-45ed-9322-5ebdceee411f"}, {"jsonrpc": "2.0", "method": "subscription", "params": {"channel": "trades.option.BTC.agg2", "data": [{"trade_id": "188085148", "contracts": 3.0, "instrument_name": "BTC-28JUN24-28000-P", "tick_direction": 2, "trade_seq": 2734, "mark_price": 0.0024113, "amount": 3.0, "index_price": 65800.13, "direction": "sell", "price": 0.0015, "iv": 86.01, "timestamp": 1712097964018}]}, "_doc": "548d9880-6553-42b4-a341-6d2be14da48d"}, {"jsonrpc": "2.0", "method": "subscription", "params": {"channel": "trades.option.BTC.agg2", "data": [{"trade_id": "188085144", "contracts": 10.4, "instrument_name": "BTC-3APR24-68000-C", "tick_direction": 2, "trade_seq": 1169, "mark_price": 0.0001994, "amount": 10.4, "index_price": 65800.13, "direction": "sell", "price": 0.0002, "iv": 53.66, "timestamp": 1712097963739}, {"trade_id": "188085145", "contracts": 6.6, "instrument_name": "BTC-3APR24-68000-C", "tick_direction": 3, "trade_seq": 1170, "mark_price": 0.0001994, "amount": 6.6, "index_price": 65800.13, "direction": "sell", "price": 0.0002, "iv": 53.66, "timestamp": 1712097963739}]}, "_doc": "41c3fc07-6ff5-4aa6-a250-ffb12162d47f"}, {"jsonrpc": "2.0", "method": "subscription", "params": {"channel": "trades.option.BTC.agg2", "data": [{"trade_id": "188085143", "contracts": 2.0, "instrument_name": "BTC-5APR24-73000-C", "tick_direction": 2, "trade_seq": 2440, "mark_price": 0.00107484, "amount": 2.0, "index_price": 65800.13, "direction": "sell", "price": 0.0001, "iv": 52.46, "timestamp": 1712097963337}]}, "_doc": "1bb9b617-e3d1-4bcc-aee9-78122dd7494e"}, {"jsonrpc": "2.0", "method": "subscription", "params": {"channel": "trades.option.BTC.agg2", "data": [{"trade_id": "188085138", "contracts": 3.0, "instrument_name": "BTC-19APR24-60000-P", "tick_direction": 0, "trade_seq": 499, "mark_price": 0.02263208, "amount": 3.0, "index_price": 65802.44, "direction": "buy", "price": 0.0205, "iv": 68.94, "timestamp": 1712097962872}]}, "_doc": "d135801f-c664-49e0-82e4-04af462c39c5"}, {"jsonrpc": "2.0", "method": "subscription", "params": {"channel": "trades.option.BTC.agg2", "data": [{"trade_id": "188085137", "contracts": 2.0, "instrument_name": "BTC-28JUN24-32000-P", "tick_direction": 3, "trade_seq": 2138, "mark_price": 0.00394986, "amount": 2.0, "index_price": 65802.44, "direction": "sell", "price": 0.0023, "iv": 79.17, "timestamp": 1712097962776}, {"trade_id": "188085140", "contracts": 2.0, "instrument_name": "BTC-28JUN24-32000-P", "tick_direction": 3, "trade_seq": 2139, "mark_price": 0.00394986, "amount": 2.0, "index_price": 65802.44, "direction": "sell", "price": 0.0023, "iv": 79.17, "timestamp": 1712097963035}]}, "_doc": "5a292e52-09dd-40ab-987c-5fd69e842528"}, {"jsonrpc": "2.0", "method": "subscription", "params": {"channel": "trades.option.BTC.agg2", "data": [{"trade_id": "188085141", "contracts": 2.0, "instrument_name": "BTC-31MAY24-38000-P", "tick_direction": 0, "trade_seq": 1760, "mark_price": 0.00938367, "amount": 2.0, "index_price": 65802.44, "direction": "buy", "price": 0.0048, "iv": 85.72, "timestamp": 1712097963138}]}, "_doc": "c9275b3a-89bd-41cc-bc72-9bb6e2de6673"}, {"jsonrpc": "2.0", "method": "subscription", "params": {"channel": "trades.option.BTC.agg2", "data": [{"trade_id": "188085136", "contracts": 0.3, "instrument_name": "BTC-19APR24-40000-P", "tick_direction": 2, "trade_seq": 2686, "mark_price": 0.00033795, "amount": 0.3, "index_price": 65802.44, "direction": "buy", "price": 0.0001, "iv": 84.61, "timestamp": 1712097962532}]}, "_doc": "7344b93e-3ca7-4dc1-b54e-7d517ca208ba"}, {"jsonrpc": "2.0", "id": 5002728671, "result": ["trades.option.BTC.agg2"], "usIn": 1712097962798972, "usOut": 1712097962799181, "usDiff": 209, "testnet": true, "_doc": "dbc627ec-1772-41c0-8d38-38a1dcc514fd"}]