[{"topic": "orderbook.200.BTCUSDT", "ts": 1712071467130, "type": "delta", "data": {"s": "BTCUSDT", "b": [["65933.49", "0.199679"], ["65932.71", "0.066122"], ["65932.7", "0.0304"], ["65931.09", "0.089522"], ["65929.52", "0.004595"], ["65929.51", "0.091126"], ["65929.5", "0.0304"], ["65927.91", "0"], ["65926.86", "0"], ["65926.31", "0.066121"], ["65922.82", "0.07437"], ["65917.55", "0.223853"], ["65915.74", "0"], ["65913.82", "0"], ["65912.58", "0"], ["65911.54", "0.14"], ["65909.14", "0.196592"], ["65907.55", "0"], ["65894.38", "0.002331"], ["65874.36", "0"], ["65871.84", "0.000307"], ["65870.41", "0"], ["65830.52", "0"], ["65830.43", "0"], ["65830.34", "0"], ["65830", "0"]], "a": [["65929.52", "0"], ["65933.5", "0.128384"], ["65935.88", "0"], ["65935.9", "0"], ["65937.04", "0"], ["65937.5", "0.049811"], ["65938.77", "0.260816"], ["65938.78", "0.089512"], ["65939.9", "0"], ["65939.91", "0"], ["65945.36", "0"], ["65947.24", "0.196589"], ["65947.27", "0"], ["65948.61", "0.427596"], ["65948.63", "0"], ["65949.85", "0"], ["65950.41", "0.0049"], ["65952.34", "0.223735"], ["65955.71", "0"], ["65957.01", "0.0049"], ["65964.18", "0"], ["65966.9", "0.0049"], ["65967.1", "0.454826"], ["65978.58", "1.606115"], ["65978.59", "0"], ["66035.15", "0.14"], ["66035.57", "0.000305"], ["66039.21", "0.14"]], "u": 7735846, "seq": 26771763416}, "cts": 1712071467112, "_doc": "c013b2d4-6e82-49aa-b50e-c0e3971a6b13"}, {"topic": "orderbook.200.BTCUSDT", "ts": 1712071466929, "type": "delta", "data": {"s": "BTCUSDT", "b": [["65927.92", "0.04"], ["65900.4", "0"], ["65870.41", "8.902962"], ["65870.4", "0"]], "a": [["65932.7", "0"], ["65934.3", "0"], ["65935.89", "0"], ["65945.36", "0.196594"], ["65945.39", "0"], ["65945.4", "0"], ["65947.27", "0.427598"], ["65965.69", "0"], ["65974.32", "0"], ["65978.59", "1.606115"], ["66034.12", "0.005"], ["66034.15", "0.001475"], ["66034.46", "0.000569"], ["66035.07", "0.000263"]], "u": 7735845, "seq": 26771763304}, "cts": 1712071466916, "_doc": "46c5fccd-c9d0-45f7-856c-5269a77d8afc"}, {"topic": "orderbook.200.BTCUSDT", "ts": 1712071466729, "type": "delta", "data": {"s": "BTCUSDT", "b": [["65900.4", "6.038235"], ["65899.1", "0"], ["65891.4", "0"], ["65830", "0.030444"]], "a": [["65934.15", "0"], ["65945.39", "0.427593"], ["65945.4", "0.196593"], ["65945.43", "0"], ["65947.34", "0"], ["65961.44", "0.658077"], ["65974.32", "1.606115"], ["65974.89", "0"], ["65978.6", "0"], ["65979.64", "0.031346"], ["65993.73", "0.066062"], ["65994.03", "0"]], "u": 7735844, "seq": 26771763277}, "cts": 1712071466695, "_doc": "36e79ffe-0cd5-42f2-a483-9470c344d127"}, {"topic": "orderbook.200.BTCUSDT", "ts": 1712071466529, "type": "delta", "data": {"s": "BTCUSDT", "b": [["65929.51", "0.169748"], ["65923.86", "0.04"], ["65899.1", "2.7762"], ["65896.79", "0"], ["65870.4", "8.90378"], ["65867.47", "0.015582"], ["65867.28", "0"], ["65830", "0"], ["65828.94", "0"]], "a": [["65929.52", "0.060067"], ["65932.7", "0.0304"], ["65932.71", "0"], ["65937.01", "0"], ["65937.04", "0.000096"], ["65945.43", "0.427598"], ["65947.34", "0.196593"], ["65947.37", "0"], ["65947.38", "0"], ["65964.42", "0"], ["65965.69", "2.5562"], ["65969.53", "0"], ["65970.1", "0"], ["65974.89", "1.606115"], ["65974.9", "0"], ["66032.2", "0.111554"], ["66032.86", "0.22"]], "u": 7735843, "seq": 26771763244}, "cts": 1712071466527, "_doc": "d2a3075e-71fc-4e78-9cfc-e54f7f18e596"}, {"topic": "orderbook.200.BTCUSDT", "ts": 1712071466329, "type": "delta", "data": {"s": "BTCUSDT", "b": [["65929.51", "0.168748"], ["65929.48", "0.000048"], ["65920.86", "0.00466"], ["65909.14", "0.196595"], ["65907.8", "0"], ["65896.79", "2.5562"], ["65895.06", "0"], ["65890.41", "0.379833"], ["65886.26", "0.015833"], ["65880.45", "0"], ["65873.21", "0.001"], ["65867.28", "8.90378"], ["65865.43", "0"], ["65857.4", "0"], ["65842.44", "0"], ["65827.75", "0"]], "a": [["65929.52", "0.159067"], ["65931.1", "0"], ["65932.69", "0"], ["65932.7", "0"], ["65932.72", "0"], ["65933.5", "0.088598"], ["65935.54", "0.000048"], ["65935.57", "0.002075"], ["65937.1", "0"], ["65943.88", "0"], ["65945.5", "0"], ["65947.37", "0.427601"], ["65947.38", "0.196596"], ["65947.39", "0"], ["65958.65", "0"], ["65962.92", "0.919304"], ["65963.75", "0.455071"], ["65964.42", "2.5562"], ["65970.25", "0"], ["65974.9", "1.606115"], ["65987.46", "0.579833"], ["66029.44", "1.636034"], ["66031.66", "0.14"]], "u": 7735842, "seq": 26771763191}, "cts": 1712071466318, "_doc": "b448f647-2c9c-40b5-af23-b1428d888104"}, {"topic": "orderbook.200.BTCUSDT", "ts": 1712071466129, "type": "delta", "data": {"s": "BTCUSDT", "b": [["65932.71", "0"], ["65932.68", "0"], ["65931.1", "0"], ["65929.51", "0.144449"], ["65929.5", "0"], ["65929.18", "0"], ["65927.91", "0.192728"], ["65927.41", "0"], ["65926.86", "0.088607"], ["65925.76", "0"], ["65924.71", "0"], ["65923.1", "0.0304"], ["65922.83", "0"], ["65922.82", "0"], ["65917.37", "0"], ["65914.19", "0.004655"], ["65913.82", "0.453909"], ["65913.49", "0"], ["65913.03", "0"], ["65911.27", "0.303866"], ["65909.17", "0"], ["65907.8", "0.196598"], ["65907.55", "0.14"], ["65898.84", "0"], ["65897.09", "0"], ["65895.13", "0.113724"], ["65895.06", "2.5562"], ["65880.44", "0"], ["65878.23", "0"], ["65877.81", "0"], ["65874.92", "0"], ["65874.36", "0.000307"], ["65874.02", "0.000153"], ["65872.38", "0"], ["65871.93", "2.280073"], ["65870.39", "0.01556"], ["65870.18", "4.506667"], ["65868.49", "0.796266"], ["65867.97", "0.007583"], ["65865.43", "8.903153"], ["65860.4", "0"], ["65842.44", "0.111988"], ["65830.43", "0.14"], ["65830.34", "0.000972"], ["65830", "0.030444"], ["65828.94", "0.000715"], ["65827.75", "0.22"]], "a": [["65929.52", "0.209967"], ["65931.1", "0.0304"], ["65932.69", "0.001288"], ["65932.7", "0.0304"], ["65932.71", "0.16503"], ["65932.72", "0.024"], ["65935.88", "0.357885"], ["65938.98", "0"], ["65938.99", "0"], ["65939.9", "0.066123"], ["65942.04", "0.427614"], ["65942.05", "0.152"], ["65943.88", "0.196598"], ["65943.89", "0"], ["65944.97", "0.007583"], ["65945.37", "0.007583"], ["65945.48", "0"], ["65945.49", "0"], ["65947.39", "0.039172"], ["65951.88", "0"], ["65953.05", "0.14"], ["65954.91", "0"], ["65955.44", "0.044283"], ["65956.65", "0.303866"], ["65958.92", "0"], ["65959.8", "0"], ["65964.18", "0.450168"], ["65964.99", "0"], ["65965.83", "0"], ["65967", "0"], ["65970.25", "1.606002"], ["65973.26", "0"], ["65982.76", "0"], ["65993.74", "0.796266"], ["65997.65", "0"], ["66029.44", "0"], ["66031.66", "0"], ["66032.2", "0"]], "u": 7735841, "seq": 26771763100}, "cts": 1712071466127, "_doc": "66d9607d-3fdc-4c8a-b16a-6eb9e397fdfb"}, {"topic": "orderbook.200.BTCUSDT", "ts": 1712071465929, "type": "delta", "data": {"s": "BTCUSDT", "b": [["65932.71", "0.165037"], ["65932.68", "0.000048"], ["65909.17", "0.196591"], ["65909.16", "0"], ["65898.84", "2.7762"], ["65897.09", "0.113724"], ["65892.87", "0"], ["65830.43", "0"], ["65830.34", "0"]], "a": [["65932.72", "0.167576"], ["65936.98", "0.000048"], ["65937.01", "0.000125"], ["65937.13", "0"], ["65937.16", "0"], ["65940.5", "0"], ["65940.53", "0"], ["65945.48", "0.427591"], ["65945.49", "0.196591"], ["65947.39", "0"], ["65948.62", "0"], ["65978.11", "0"], ["65982.76", "1.606002"], ["66031.66", "0.14"], ["66032.2", "0.111554"]], "u": 7735840, "seq": 26771762908}, "cts": 1712071465915, "_doc": "964e1067-28d6-49f3-ba32-887b39c8e5f0"}, {"topic": "orderbook.200.BTCUSDT", "ts": 1712071465729, "type": "delta", "data": {"s": "BTCUSDT", "b": [["65934.15", "0"], ["65934.12", "0"], ["65932.71", "0.162962"], ["65932.7", "0"], ["65927.38", "0"], ["65924.71", "0.04"], ["65915.74", "0.161764"], ["65909.16", "0.196589"], ["65909.14", "0"], ["65874.92", "0.000307"], ["65873.75", "0"], ["65830.43", "0.14"], ["65830.34", "0.000972"]], "a": [["65932.72", "0.208864"], ["65934.15", "0.04"], ["65934.16", "0.004"], ["65935.89", "0.04"], ["65939.91", "0.018493"], ["65945.47", "0"], ["65947.39", "0.039172"], ["65948.62", "0.196589"], ["65953.21", "0"], ["65959.81", "0"], ["65969.7", "0"], ["65994.03", "0.066028"], ["65995.16", "0"], ["66031.66", "0"]], "u": 7735839, "seq": 26771762847}, "cts": 1712071465724, "_doc": "412cbbc6-63b9-4b7f-9b09-60d552f094f6"}, {"topic": "orderbook.200.BTCUSDT", "ts": 1712071465529, "type": "delta", "data": {"s": "BTCUSDT", "b": [["65934.15", "0.00422"], ["65921.03", "0"], ["65907.69", "0.455084"], ["65837.97", "0"], ["65830.65", "0.07437"], ["65830.52", "1.636822"]], "a": [["65940.5", "0.000049"], ["65940.53", "0.000096"], ["65945.47", "0.19659"], ["65947.39", "0.039175"], ["65948.51", "0"], ["65948.52", "0"], ["65948.63", "0.427587"], ["65949.85", "0.219628"], ["65955.48", "0"], ["65964.99", "2.5562"], ["65978.11", "1.606002"], ["65982.76", "0"], ["65983.68", "0"], ["65983.69", "0"], ["65995.16", "0.066258"], ["66032.2", "0"], ["66032.86", "0"]], "u": 7735838, "seq": 26771762766}, "cts": 1712071465524, "_doc": "72c1d54d-0055-4b30-918c-6673fa695f27"}, {"topic": "orderbook.200.BTCUSDT", "ts": 1712071465329, "type": "delta", "data": {"s": "BTCUSDT", "b": [["65909.15", "0"], ["65909.14", "0.19659"]], "a": [["65934.16", "0.111333"], ["65945.48", "0"], ["65945.49", "0"], ["65947.39", "0.039181"], ["65948.51", "0.427581"], ["65948.52", "0.196589"], ["65948.53", "0"], ["65962.92", "0.478507"], ["65977.38", "0"], ["65982.76", "1.606002"], ["65986.9", "0.0426"], ["66034.12", "0"], ["66034.15", "0"]], "u": 7735837, "seq": 26771762717}, "cts": 1712071465317, "_doc": "c1b130b2-be22-4818-9bd0-7b73d3b8e0ed"}, {"topic": "orderbook.200.BTCUSDT", "ts": 1712071465129, "type": "delta", "data": {"s": "BTCUSDT", "b": [["65934.15", "0.00322"], ["65932.71", "0.066124"], ["65921.03", "0.017787"], ["65919.91", "0.242637"], ["65914.35", "0"], ["65911.9", "0"], ["65909.15", "0.196589"], ["65901.44", "0"], ["65897.09", "0"], ["65892.87", "0.113723"], ["65837.97", "0.080724"], ["65830.65", "0"]], "a": [["65934.16", "0.110333"], ["65934.3", "0.0304"], ["65938.98", "0.255248"], ["65938.99", "0.086954"], ["65939.69", "0"], ["65945.48", "0.427587"], ["65945.49", "0.196589"], ["65947.34", "0"], ["65947.35", "0"], ["65968.15", "0"], ["65977.38", "1.606002"], ["65980.55", "0"], ["66034.46", "0"]], "u": 7735836, "seq": 26771762633}, "cts": 1712071465117, "_doc": "ccdbb6c4-7dee-4c59-96a3-2f6bfb1c8f56"}, {"topic": "orderbook.200.BTCUSDT", "ts": 1712071464929, "type": "delta", "data": {"s": "BTCUSDT", "b": [["65934.15", "0.103503"], ["65927.4", "0"], ["65918.84", "0.111554"], ["65912.59", "0"], ["65911.9", "0.196584"], ["65907.69", "0.478383"], ["65902.61", "0"], ["65901.44", "2.5562"], ["65830.65", "0.07437"]], "a": [["65935.9", "0.0304"], ["65937.5", "0.080211"], ["65940.53", "0"], ["65947.34", "0.196584"], ["65947.35", "0.42757"], ["65947.37", "0"], ["65948.53", "0.172218"], ["65948.54", "0"], ["65968.15", "2.5562"], ["65970.73", "0"], ["65980.55", "1.606002"], ["65980.65", "0"], ["65990.51", "0"], ["65991.74", "0.000091"]], "u": 7735835, "seq": 26771762548}, "cts": 1712071464926, "_doc": "bb397c2b-4d42-4976-9c28-76c481f42ff2"}, {"topic": "orderbook.200.BTCUSDT", "ts": 1712071464729, "type": "delta", "data": {"s": "BTCUSDT", "b": [["65934.15", "0.110705"], ["65932.71", "0"], ["65929.51", "0.178171"], ["65929.18", "0.085718"], ["65927.41", "0.066121"], ["65927.39", "0"], ["65927.13", "0"], ["65919.91", "1.182827"], ["65918.84", "0.557772"], ["65914.35", "0.22"], ["65912.59", "0.196585"], ["65909.14", "0"], ["65902.61", "2.7762"], ["65899.5", "0"], ["65874.27", "0"], ["65873.75", "0.000307"], ["65852.4", "0.193248"], ["65830.65", "0"]], "a": [["65934.16", "0.056733"], ["65934.3", "0"], ["65935.9", "0"], ["65937.49", "0"], ["65937.5", "0.049811"], ["65938", "0"], ["65939.7", "0"], ["65947.37", "0.03918"], ["65947.39", "0"], ["65948.53", "0.427581"], ["65948.54", "0.196585"], ["65948.55", "0"], ["65948.56", "0"], ["65966.59", "0"], ["65970.73", "2.5562"], ["65977.39", "0.22"], ["65980.65", "1.606002"], ["65983.68", "0.061838"], ["65994.03", "0"], ["66001.4", "0.193248"], ["66034.12", "0.005"], ["66034.15", "0.001475"], ["66034.46", "0.000569"]], "u": 7735834, "seq": 26771762514}, "cts": 1712071464726, "_doc": "1cda6bee-9ebc-4fe4-bfb0-789f1efd2320"}, {"topic": "orderbook.200.BTCUSDT", "ts": 1712071464530, "type": "delta", "data": {"s": "BTCUSDT", "b": [["65917.37", "0.004655"], ["65899.55", "0"], ["65899.5", "2.7762"], ["65830.52", "0"]], "a": [["65940.5", "0"], ["65945.49", "0"], ["65947.39", "0.039176"], ["65948.55", "0.42759"], ["65948.56", "0.196591"], ["65948.57", "0"], ["65966.59", "2.5562"], ["65977.39", "1.826002"], ["65979.98", "0"], ["66032.86", "0.22"]], "u": 7735833, "seq": 26771762423}, "cts": 1712071464525, "_doc": "3f0c1d60-e732-4111-a456-06f128f4a996"}, {"topic": "orderbook.200.BTCUSDT", "ts": 1712071464329, "type": "delta", "data": {"s": "BTCUSDT", "b": [["65934.15", "0.058754"], ["65897.09", "0.113725"], ["65892.87", "0"]], "a": [["65934.16", "0.135333"], ["65945.48", "0"], ["65945.49", "0.19659"], ["65947.39", "0.039173"], ["65948.57", "0.406058"], ["65948.59", "0"], ["65966.55", "0"], ["65976.77", "0"], ["65979.98", "1.606002"]], "u": 7735832, "seq": 26771762393}, "cts": 1712071464320, "_doc": "1b776e2e-c4e0-4ba4-a368-eaf6b150731b"}, {"topic": "orderbook.200.BTCUSDT", "ts": 1712071464129, "type": "delta", "data": {"s": "BTCUSDT", "b": [["65911.62", "0"], ["65909.14", "0.196589"], ["65881.4", "2.274997"], ["65830.43", "0"]], "a": [["65940.5", "0.000049"], ["65940.53", "0.000096"], ["65945.48", "0.62418"], ["65947.29", "0"], ["65947.3", "0"], ["65948.59", "0.172218"], ["65948.61", "0"], ["65959.79", "4.575417"], ["65966.55", "2.5562"], ["65976.77", "1.606002"], ["65979.98", "0"], ["65983.69", "0.164942"], ["65986.91", "2.274997"], ["66032.86", "0"], ["66034.12", "0"], ["66034.15", "0"], ["66034.46", "0"], ["66035.07", "0"]], "u": 7735831, "seq": 26771762355}, "cts": 1712071464124, "_doc": "94390910-ccbb-4765-9001-9e277ce69339"}, {"topic": "orderbook.200.BTCUSDT", "ts": 1712071463929, "type": "delta", "data": {"s": "BTCUSDT", "b": [["65911.62", "0.196588"], ["65909.14", "0"]], "a": [["65947.29", "0.427585"], ["65947.3", "0.196588"], ["65947.31", "0"], ["65947.32", "0"], ["65948.61", "0.172221"], ["65948.63", "0"], ["65965.81", "0"], ["66035.07", "0.000263"]], "u": 7735830, "seq": 26771762321}, "cts": 1712071463925, "_doc": "19909d9e-f4dc-479c-9a86-893f6c128293"}, {"topic": "orderbook.200.BTCUSDT", "ts": 1712071463729, "type": "delta", "data": {"s": "BTCUSDT", "b": [["65913.82", "0.908674"], ["65899.55", "2.7762"], ["65871.93", "2.03004"], ["65862.24", "0"], ["65830.34", "0"]], "a": [["65947.31", "0.427581"], ["65947.32", "0.196589"], ["65947.34", "0"], ["65947.35", "0"], ["65948.63", "0.172224"], ["65961.03", "2.103638"], ["65965.81", "2.5562"], ["65979.54", "0"], ["65979.98", "1.606002"], ["66035.07", "0"], ["66035.15", "0"]], "u": 7735829, "seq": 26771762291}, "cts": 1712071463726, "_doc": "4904ded0-f435-421c-8e75-56512a7fb14b"}, {"topic": "orderbook.200.BTCUSDT", "ts": 1712071463529, "type": "delta", "data": {"s": "BTCUSDT", "b": [["65909.14", "0.196589"], ["65897.85", "0"], ["65830.34", "0.000972"]], "a": [["65937.1", "0.000096"], ["65937.13", "0.000048"], ["65937.16", "0.00486"], ["65945.49", "0"], ["65947.34", "0.196589"], ["65947.35", "0.039174"], ["65947.37", "0"], ["65948.63", "0.427584"], ["65948.65", "0"], ["65964.13", "0"], ["65964.2", "0"], ["65979", "0"], ["65979.54", "1.606002"], ["65994.03", "0.066034"], ["65995.16", "0"], ["66035.57", "0"]], "u": 7735828, "seq": 26771762249}, "cts": 1712071463509, "_doc": "fca170fe-e745-4063-86f4-5a32fd3ed037"}, {"topic": "orderbook.200.BTCUSDT", "ts": 1712071463329, "type": "delta", "data": {"s": "BTCUSDT", "b": [["65920.53", "0"], ["65919.91", "0.242637"], ["65918.84", "0.111554"], ["65911.89", "0"], ["65909.14", "0.19659"], ["65907.09", "0"], ["65897.85", "2.7762"], ["65883.79", "0"], ["65874.27", "0.000307"], ["65872.95", "0"], ["65830.52", "1.636822"], ["65830.43", "0.14"]], "a": [["65934.16", "0.134333"], ["65934.3", "0.0304"], ["65935.9", "0.0304"], ["65937.15", "0"], ["65937.18", "0"], ["65937.21", "0"], ["65937.5", "0.080211"], ["65945.49", "0.19659"], ["65947.37", "0.427578"], ["65947.39", "0"], ["65948.51", "0"], ["65948.52", "0"], ["65948.65", "0.172226"], ["65954.35", "0"], ["65959.91", "0"], ["65964.13", "2.7762"], ["65978.1", "0"], ["65978.6", "0.031344"], ["65979", "1.606002"], ["65979.53", "0"], ["65995.16", "0.066309"], ["65995.83", "0"], ["66035.15", "0.14"], ["66035.57", "0.000305"]], "u": 7735827, "seq": 26771762215}, "cts": 1712071463325, "_doc": "b93c2aed-dbc1-426f-8439-1718f9f5b3d6"}, {"topic": "orderbook.200.BTCUSDT", "ts": 1712071463129, "type": "delta", "data": {"s": "BTCUSDT", "b": [["65934.15", "0.057754"], ["65927.4", "0.04"], ["65919.91", "1.182832"], ["65918.84", "0.557772"], ["65913.04", "0"], ["65911.89", "0.196584"], ["65883.79", "8.902574"], ["65830.52", "0"], ["65830.43", "0"]], "a": [["65934.16", "0.057629"], ["65934.3", "0"], ["65935.9", "0"], ["65937.5", "0.049811"], ["65939.69", "0.066123"], ["65940.69", "0"], ["65943.89", "0.066124"], ["65947.31", "0"], ["65947.32", "0"], ["65947.39", "0.039177"], ["65948.51", "0.427572"], ["65948.52", "0.196584"], ["65948.53", "0"], ["65954.35", "0.171611"], ["65954.91", "0.026736"], ["65961.03", "0"], ["65978.1", "1.606002"], ["65979.54", "0"], ["65979.65", "3.913332"], ["65997.64", "0"], ["66034.46", "0.000569"], ["66035.07", "0.000263"]], "u": 7735826, "seq": 26771762154}, "cts": 1712071463117, "_doc": "4c41472d-eb57-4dc3-a8ca-a172b27df5cb"}, {"topic": "orderbook.200.BTCUSDT", "ts": 1712071462929, "type": "delta", "data": {"s": "BTCUSDT", "b": [["65919.91", "0.242637"], ["65918.84", "0.111554"], ["65913.49", "0.443866"], ["65913.37", "0"], ["65913.04", "0.196586"], ["65909.14", "0"], ["65882.29", "0"], ["65830.52", "1.636822"], ["65830.43", "0.14"]], "a": [["65934.3", "0.0304"], ["65947.31", "0.039176"], ["65947.32", "0.196586"], ["65947.33", "0"], ["65947.34", "0"], ["65948.53", "0.427577"], ["65948.55", "0"], ["65971.36", "0.002629"], ["65979.53", "0.031344"], ["65979.64", "0"], ["66034.46", "0"], ["66035.07", "0"]], "u": 7735825, "seq": 26771762085}, "cts": 1712071462920, "_doc": "e2a7af72-e85e-4df3-9c87-d5ccab921e37"}, {"topic": "orderbook.200.BTCUSDT", "ts": 1712071462729, "type": "delta", "data": {"s": "BTCUSDT", "b": [["65911.89", "0"], ["65909.14", "0.196587"], ["65904.7", "1.153345"], ["65882.29", "8.902423"], ["65880.45", "8.993579"], ["65871.93", "0"], ["65862.24", "1.500239"], ["65848.71", "0"], ["65838.42", "0"], ["65830.65", "0.07437"]], "a": [["65939.7", "0.017973"], ["65940.55", "0"], ["65940.58", "0"], ["65947.33", "0.427573"], ["65947.34", "0.196585"], ["65947.36", "0"], ["65947.37", "0"], ["65948.55", "0.172219"], ["65948.57", "0"], ["65979.54", "1.606002"], ["65982.75", "0"], ["65997.55", "0"], ["66034.46", "0.000569"], ["66035.07", "0.000263"]], "u": 7735824, "seq": 26771762049}, "cts": 1712071462724, "_doc": "95a194da-2964-43a9-8203-bf66cc8a51be"}, {"topic": "orderbook.200.BTCUSDT", "ts": 1712071462529, "type": "delta", "data": {"s": "BTCUSDT", "b": [["65913.5", "0"], ["65911.89", "0.196585"], ["65902.34", "0"], ["65848.71", "0.08959"]], "a": [["65934.16", "0.110329"], ["65947.36", "0.196585"], ["65947.37", "0.427573"], ["65947.39", "0"], ["65948.57", "0.172221"], ["65948.58", "0"], ["65948.59", "0"], ["65969.98", "0"], ["65982.75", "1.606002"], ["65982.76", "0"], ["65983.69", "0"], ["65995.83", "0.06634"], ["66034.15", "0.001475"]], "u": 7735823, "seq": 26771762006}, "cts": 1712071462526, "_doc": "34a1d48e-a357-4e50-a8b1-8ab85769943b"}, {"topic": "orderbook.200.BTCUSDT", "ts": 1712071462330, "type": "delta", "data": {"s": "BTCUSDT", "b": [["65920.53", "0.017991"], ["65913.5", "0.196582"], ["65912.59", "0"], ["65901.59", "0"], ["65897.09", "0"], ["65892.87", "0.113727"], ["65882.29", "0"], ["65830.9", "0.455713"]], "a": [["65935.9", "0.0304"], ["65937.5", "0.080211"], ["65940.55", "0.000049"], ["65940.58", "0.000096"], ["65943.89", "0.066128"], ["65947.37", "0"], ["65947.38", "0"], ["65947.39", "0.039181"], ["65948.58", "0.196582"], ["65948.59", "0.406038"], ["65948.61", "0"], ["65958.41", "0"], ["65959.8", "0.303866"], ["65966", "0"], ["65969.98", "2.5562"], ["65983.69", "0.061696"], ["65997.64", "1.731843"], ["66034.15", "0"], ["66034.46", "0"], ["66035.07", "0"], ["66035.15", "0"], ["66035.57", "0"]], "u": 7735822, "seq": 26771761970}, "cts": 1712071462327, "_doc": "66b2fc00-2891-46de-8bcf-9db7d080570a"}, {"topic": "orderbook.200.BTCUSDT", "ts": 1712071462129, "type": "delta", "data": {"s": "BTCUSDT", "b": [["65927.39", "0.173253"], ["65927.13", "0.083453"], ["65924.78", "0"], ["65923.85", "0.01"], ["65920.85", "0.01"], ["65919.91", "1.182832"], ["65918.84", "0.557772"], ["65917.85", "0.01"], ["65913.37", "0.303866"], ["65912.59", "0.196585"], ["65910.23", "0"], ["65910.22", "0"], ["65910.21", "0"], ["65902.34", "2.7762"], ["65899.3", "0"], ["65897.14", "0"], ["65897.09", "0.113716"], ["65890.51", "0"], ["65882.29", "8.902423"], ["65838.42", "0.080724"], ["65830.9", "0"], ["65830.65", "0"], ["65830.52", "0"]], "a": [["65934.16", "0.056629"], ["65934.25", "0"], ["65934.3", "0"], ["65935.89", "0"], ["65935.9", "0"], ["65937.5", "0.049811"], ["65940.03", "0"], ["65940.55", "0"], ["65940.58", "0"], ["65943.84", "0.01"], ["65945.44", "0"], ["65946.84", "0.01"], ["65947.06", "0"], ["65947.37", "0.427575"], ["65947.38", "0.196585"], ["65948.61", "0.172217"], ["65948.63", "0"], ["65949.84", "0.01"], ["65952.4", "0"], ["65952.41", "0"], ["65955.48", "0.208544"], ["65958.64", "0"], ["65959.91", "4.575415"], ["65966.8", "0"], ["65970.03", "0"], ["65978.6", "0"], ["65979.64", "0.031344"], ["65982.76", "1.606002"], ["66034.12", "0.005"], ["66034.15", "0.001475"], ["66034.46", "0.000569"], ["66035.07", "0.000263"], ["66035.15", "0.14"], ["66035.57", "0.000305"]], "u": 7735821, "seq": 26771761914}, "cts": 1712071462123, "_doc": "eefb0732-e48b-4df6-b006-5cd852502ff6"}, {"topic": "orderbook.200.BTCUSDT", "ts": 1712071461929, "type": "delta", "data": {"s": "BTCUSDT", "b": [["65934.15", "0.056754"], ["65934.12", "0.000048"], ["65932.72", "0"], ["65918.34", "0"], ["65918.17", "0"], ["65911.88", "0.152"], ["65910.23", "0.19659"], ["65909.14", "0"], ["65907.09", "0.023279"], ["65897.89", "0"], ["65859.22", "0.035985"]], "a": [["65934.16", "0.164241"], ["65934.21", "0"], ["65934.24", "0"], ["65934.25", "0.1"], ["65934.31", "0"], ["65937.15", "0.000096"], ["65937.21", "0.00486"], ["65940.55", "0.000049"], ["65940.58", "0.000096"], ["65945.44", "0.427592"], ["65945.46", "0"], ["65945.47", "0"], ["65947.06", "0.19659"], ["65948.63", "0.17222"], ["65948.65", "0"], ["65961.03", "2.103638"], ["65966.8", "2.5562"], ["65974.32", "0"], ["65978.6", "1.637346"], ["65979.64", "0"], ["66034.12", "0"]], "u": 7735820, "seq": 26771761822}, "cts": 1712071461925, "_doc": "664bfcbf-8969-43f3-aa71-25b24b5601ab"}, {"topic": "orderbook.200.BTCUSDT", "ts": 1712071461730, "type": "delta", "data": {"s": "BTCUSDT", "b": [["65934.3", "0"], ["65934.24", "0"], ["65934.2", "0"], ["65934.15", "0.018543"], ["65932.72", "0.002277"], ["65924.78", "0.083456"], ["65911.62", "0"], ["65909.14", "0.196593"], ["65904.67", "0.557772"], ["65899.3", "2.7762"], ["65885.19", "0.304505"], ["65882.48", "0"], ["65876.34", "1.213163"], ["65873.21", "1.732844"], ["65872.95", "0.000307"], ["65872.43", "0"], ["65871.93", "3.559809"], ["65868.46", "0"], ["65865.17", "0"], ["65830.43", "0"]], "a": [["65934.16", "0.1089"], ["65934.21", "0.1"], ["65934.24", "0.04"], ["65934.25", "0.14"], ["65934.3", "0.0304"], ["65934.31", "0.04"], ["65934.32", "0"], ["65937.18", "0.000048"], ["65937.49", "0.358116"], ["65938", "0.083439"], ["65939.09", "0"], ["65940.03", "0.018394"], ["65940.58", "0"], ["65940.69", "0.066123"], ["65945.46", "0.427598"], ["65945.47", "0.196593"], ["65946.71", "0"], ["65946.75", "0"], ["65947.08", "0"], ["65947.1", "0"], ["65969.53", "0.641549"], ["65973.8", "0.03863"], ["65974.32", "1.605998"], ["65974.9", "0"], ["65978.1", "0"], ["65979.64", "0.031343"], ["66034.15", "0"], ["66034.46", "0"], ["66035.07", "0"], ["66035.15", "0"], ["66035.57", "0"], ["66039.21", "0"], ["66039.91", "0"], ["66040", "0"]], "u": 7735819, "seq": 26771761736}, "cts": 1712071461725, "_doc": "e4aa0ef7-6804-410c-b05b-d924e50842e1"}, {"topic": "orderbook.200.BTCUSDT", "ts": 1712071461529, "type": "delta", "data": {"s": "BTCUSDT", "b": [["65934.31", "0"], ["65932.71", "0.066127"], ["65931.11", "0"], ["65929.51", "0.066128"], ["65927.91", "0"], ["65927.39", "0.066129"], ["65925.76", "0.007583"], ["65917.16", "0"], ["65915.74", "0"], ["65913.2", "0"], ["65912.58", "0.208679"], ["65911.62", "0.196588"], ["65910.22", "0.660909"], ["65910.21", "0.303866"], ["65909.14", "0"], ["65907.79", "0.989812"], ["65907.69", "0.455084"], ["65906.43", "0"], ["65904.67", "0.111554"], ["65892.9", "0"], ["65890.51", "0.113727"], ["65885.49", "0"], ["65885.48", "0"], ["65882.48", "6.536881"], ["65882.47", "0"], ["65881.39", "0"], ["65880.45", "6.46742"], ["65877.81", "0.000153"], ["65876.34", "0"], ["65875.91", "0"], ["65873.21", "0.001"], ["65871.92", "3.00546"]], "a": [["65934.32", "0.160507"], ["65935.42", "0"], ["65935.89", "0.04"], ["65935.9", "0.0304"], ["65939.09", "0.066123"], ["65940.55", "0.000048"], ["65940.58", "0.008911"], ["65940.6", "0"], ["65940.63", "0"], ["65940.67", "0"], ["65940.68", "0"], ["65944.91", "0"], ["65946.71", "0.000048"], ["65946.75", "0.000096"], ["65946.76", "0"], ["65947.07", "0"], ["65947.08", "0.624162"], ["65948.65", "0.172226"], ["65951.16", "0"], ["65952.4", "0.453605"], ["65952.41", "0.208553"], ["65954", "0"], ["65958.37", "0"], ["65958.41", "0.303866"], ["65960.47", "0"], ["65974.9", "1.605998"], ["65978.1", "0.031343"], ["65979.54", "0"], ["65982.75", "0"], ["66040", "0.003091"]], "u": 7735818, "seq": 26771761566}, "cts": 1712071461522, "_doc": "cfdc8b81-a818-4e4f-96ea-cd5816da3b64"}, {"topic": "orderbook.200.BTCUSDT", "ts": 1712071461329, "type": "delta", "data": {"s": "BTCUSDT", "b": [["65935.9", "0"], ["65935.59", "0"], ["65934.31", "0.269619"], ["65931.22", "0"], ["65931.11", "0.066128"], ["65929.51", "0"], ["65927.91", "0.066125"], ["65927.39", "0"], ["65925.12", "0"], ["65924.35", "0"], ["65923.69", "0"], ["65921.5", "0.063484"], ["65917.16", "0.208665"], ["65915.74", "0.196579"], ["65915.12", "0"], ["65913.62", "0"], ["65911.62", "0"], ["65911.3", "0"], ["65909.14", "0.304501"], ["65906.96", "0"], ["65904.7", "0.478509"], ["65904.67", "0.557772"], ["65892.9", "0.113727"], ["65892.89", "0"], ["65882.47", "3.00546"], ["65881.38", "0"], ["65872.43", "0.000307"], ["65871.48", "0"], ["65868.46", "0.13504"], ["65865.17", "0.064859"], ["65859.49", "0.2"], ["65842.43", "1.051819"], ["65831.61", "0.000305"], ["65830.9", "0.455713"], ["65830.65", "0.07437"], ["65830.52", "1.636822"], ["65830.43", "0.14"]], "a": [["65934.32", "0.104878"], ["65935.42", "0.018542"], ["65935.91", "0.09373"], ["65937.5", "0.080211"], ["65940.67", "0.15312"], ["65940.69", "0"], ["65940.97", "0"], ["65944.91", "0.083431"], ["65945.63", "0.007583"], ["65946.03", "0.007583"], ["65946.8", "0"], ["65947.07", "0.066129"], ["65947.09", "0"], ["65948.65", "0.172219"], ["65951.16", "0.19658"], ["65954", "0.427554"], ["65954.02", "0"], ["65954.03", "0"], ["65957.59", "0.003259"], ["65958.37", "0.208534"], ["65964.92", "0"], ["65976.51", "0.020687"], ["65976.52", "0"], ["65979.54", "1.605998"], ["65979.65", "0.171614"], ["65979.66", "0"], ["65982.75", "0.031343"], ["66037.25", "0"], ["66040", "0"], ["66041.27", "0"], ["66041.68", "0"], ["66043.47", "0"]], "u": 7735817, "seq": 26771761445}, "cts": 1712071461319, "_doc": "dacc8288-c2a1-4164-bba5-14f31417c1c6"}, {"topic": "orderbook.200.BTCUSDT", "ts": 1712071461129, "type": "delta", "data": {"s": "BTCUSDT", "b": [["65935.6", "0"], ["65934.31", "0.066441"], ["65931.1", "0.0304"], ["65927.9", "0.0304"], ["65927.39", "0.066126"], ["65926.31", "0"], ["65915.74", "0"], ["65915.12", "0.196579"], ["65913.32", "0"], ["65913.2", "0.303866"], ["65904.67", "0.111554"], ["65900.4", "0"], ["65897.15", "0"], ["65892.89", "0.113649"], ["65892.88", "0"], ["65892.46", "0.304508"], ["65891.05", "1.634224"], ["65885.49", "0.98966"], ["65881.39", "9.802007"], ["65876.34", "1.213157"], ["65873.21", "1.73284"], ["65831.61", "0"], ["65830.9", "0"], ["65830.65", "0"], ["65830.52", "0"]], "a": [["65937.5", "0.0304"], ["65946.76", "0.000048"], ["65946.8", "0.000096"], ["65954.02", "0.427566"], ["65954.03", "0.196579"], ["65954.06", "0"], ["65954.07", "0"], ["65955.71", "0.22"], ["65958.92", "0.029169"], ["65960.47", "0.303866"], ["65961.52", "0"], ["65976.52", "1.605959"], ["65979.98", "0"], ["66043.59", "0"], ["66043.97", "0"], ["66044.02", "0"], ["66044.03", "0"], ["66044.25", "0"]], "u": 7735816, "seq": 26771761227}, "cts": 1712071461116, "_doc": "4a31f09f-3fbd-4a22-b062-ae476ca94c8f"}, {"topic": "orderbook.200.BTCUSDT", "ts": 1712071460929, "type": "delta", "data": {"s": "BTCUSDT", "b": [["65926.31", "0.039793"], ["65900.4", "8.900563"], ["65897.89", "0.923168"], ["65897.15", "0.113649"], ["65892.88", "15.41355"], ["65892.87", "0"], ["65892.46", "0"], ["65891.05", "0"], ["65885.49", "0"], ["65881.39", "0"], ["65876.34", "0"], ["65873.21", "0.001"], ["65868.46", "0"], ["65830.9", "0.455713"], ["65830.65", "0.07437"], ["65830.52", "1.636822"]], "a": [["65946.76", "0"], ["65946.8", "0"], ["65954.06", "0.427558"], ["65954.07", "0.196577"], ["65954.08", "0"], ["65954.09", "0"], ["66044.03", "0.22"], ["66044.25", "0.003428"]], "u": 7735815, "seq": 26771761167}, "cts": 1712071460918, "_doc": "e3636726-8f19-436a-8b23-b5f7abedd0f9"}, {"topic": "orderbook.200.BTCUSDT", "ts": 1712071460730, "type": "delta", "data": {"s": "BTCUSDT", "b": [["65935.9", "0.118501"], ["65904.7", "1.21316"], ["65900.11", "0"], ["65892.87", "8.886405"], ["65876.34", "1.213163"], ["65873.21", "1.732847"], ["65868.46", "2.420256"], ["65863.72", "0"], ["65853.29", "0.035989"], ["65849.29", "0"], ["65830.9", "0"]], "a": [["65935.91", "0.154409"], ["65954.08", "0.427558"], ["65954.09", "0.196578"], ["65954.12", "0"], ["65954.13", "0"], ["65955.44", "0.008"], ["66044.03", "0"]], "u": 7735814, "seq": 26771761137}, "cts": 1712071460726, "_doc": "a37e9c7a-56df-4b95-a757-af6edd535ce7"}, {"topic": "orderbook.200.BTCUSDT", "ts": 1712071460529, "type": "delta", "data": {"s": "BTCUSDT", "b": [["65921.5", "0.014387"], ["65920.55", "0.049324"], ["65906.96", "0.022394"], ["65904.7", "5.889892"], ["65904.28", "0.001517"], ["65897.89", "1.036895"], ["65892.87", "0"], ["65881.39", "7.503921"], ["65876.34", "0"], ["65875.91", "0.000153"], ["65875.9", "0"], ["65873.21", "0.001"], ["65868.46", "0"], ["65862.24", "0"], ["65830.9", "0.455713"]], "a": [["65945.5", "0.0304"], ["65947.09", "0.066126"], ["65954.12", "0.427558"], ["65954.13", "0.196576"], ["65954.16", "0"], ["65954.17", "0"], ["65979", "0"], ["65979.98", "1.605959"], ["65983.97", "0.035917"], ["66044.25", "0"], ["66044.44", "0"], ["66045.57", "0"]], "u": 7735813, "seq": 26771761103}, "cts": 1712071460525, "_doc": "f070c682-3318-45be-93a2-267fc7f95fcd"}, {"topic": "orderbook.200.BTCUSDT", "ts": 1712071460329, "type": "delta", "data": {"s": "BTCUSDT", "b": [["65932.7", "0.0304"], ["65915.74", "0.196573"], ["65904.28", "2.777717"], ["65900.4", "0"], ["65900.11", "8.886405"], ["65897.89", "0.923168"], ["65897.88", "0"], ["65892.87", "0.113727"], ["65876.34", "1.213154"], ["65873.21", "1.732847"], ["65868.46", "2.420254"], ["65865.16", "0.035982"], ["65863.72", "0.304509"], ["65862.24", "4.575419"], ["65850.59", "0"], ["65849.29", "0.111988"], ["65837.49", "0.030471"], ["65830.9", "0"], ["65830.65", "0"], ["65830.52", "0"], ["65830.43", "0"], ["65830.34", "0"], ["65830", "0"], ["65828.94", "0"], ["65827.75", "0"]], "a": [["65935.91", "0.12294"], ["65936.2", "0"], ["65937.12", "0"], ["65939.1", "0.0304"], ["65940.7", "0.0304"], ["65947.1", "0.0304"], ["65954.16", "0.427552"], ["65954.17", "0.196575"], ["65954.19", "0"], ["65954.2", "0"], ["65956.58", "0"], ["65959.69", "0.060663"], ["65979", "1.605959"], ["65982.76", "0"], ["66046.3", "0"]], "u": 7735812, "seq": 26771761065}, "cts": 1712071460327, "_doc": "6c03883b-00cd-4361-9788-9b6d50f1167c"}, {"topic": "orderbook.200.BTCUSDT", "ts": 1712071460129, "type": "delta", "data": {"s": "BTCUSDT", "b": [["65931.22", "0.083453"], ["65929.51", "0.066125"], ["65915.74", "0.196574"], ["65904.7", "1.21316"], ["65900.4", "8.886405"], ["65897.87", "0"], ["65891.05", "1.634226"], ["65889.4", "0"], ["65885.49", "0.989664"], ["65881.39", "2.697246"], ["65868.46", "0"], ["65850.59", "0.08959"], ["65844.76", "0"], ["65838.83", "0"], ["65827.12", "0"]], "a": [["65935.91", "0.070457"], ["65935.92", "0"], ["65937.12", "0.018543"], ["65947.41", "0"], ["65947.42", "0"], ["65948.65", "0.172217"], ["65954.19", "0.196575"], ["65954.2", "0.427552"], ["65954.22", "0"], ["65954.23", "0"], ["65958.64", "0.98971"], ["65961.02", "0"], ["65970.03", "7.787578"], ["65974.03", "0"], ["65982.76", "1.605959"], ["65989.69", "0.111554"], ["65989.91", "0.033386"], ["65990.51", "0.000091"], ["66046.37", "0"]], "u": 7735811, "seq": 26771761005}, "cts": 1712071460110, "_doc": "cbf872f2-a447-4107-a3f0-c58c7d7d7075"}, {"topic": "orderbook.200.BTCUSDT", "ts": 1712071459929, "type": "delta", "data": {"s": "BTCUSDT", "b": [["65929", "0"], ["65921.12", "0"], ["65904.7", "6.038236"], ["65904.69", "0"], ["65904.68", "0"], ["65901.59", "0.449555"], ["65897.88", "11.50997"], ["65897.27", "0"], ["65892.88", "0"], ["65891.05", "0"], ["65885.49", "0"], ["65862.24", "0"], ["65850.57", "0"], ["65830.65", "0.07437"], ["65830.52", "1.636822"], ["65830.43", "0.14"], ["65830.34", "0.000972"], ["65830", "0.030444"], ["65828.94", "0.000715"], ["65827.75", "0.22"], ["65827.12", "0.000395"]], "a": [["65935.91", "0.051914"], ["65940.7", "0"], ["65946.76", "0.000048"], ["65946.8", "0.000096"], ["65954.22", "0.427557"], ["65954.23", "0.196576"], ["65954.25", "0"], ["65954.26", "0"], ["65975.73", "0"], ["65995.84", "0.033386"], ["66048.04", "0"]], "u": 7735810, "seq": 26771760948}, "cts": 1712071459922, "_doc": "115b1f58-98bd-4ef1-839a-c8393367bf26"}, {"topic": "orderbook.200.BTCUSDT", "ts": 1712071459730, "type": "delta", "data": {"s": "BTCUSDT", "b": [["65935.9", "0.117501"], ["65935.6", "0.099305"], ["65935.41", "0"], ["65934.31", "0"], ["65927.38", "0.024"], ["65925.12", "0.007583"], ["65924.35", "0.007583"], ["65915.74", "0.196579"], ["65915.12", "0"], ["65904.69", "2.7762"], ["65904.67", "0.557772"], ["65901.21", "0"], ["65897.87", "8.886329"], ["65896.77", "0"], ["65892.88", "0.11368"], ["65892.46", "0.304508"], ["65891.4", "0.002331"], ["65891.05", "1.634225"], ["65885.49", "0.989664"], ["65875.9", "0.000153"], ["65875.01", "0"], ["65862.24", "4.575413"], ["65848.26", "0"], ["65830.65", "0"], ["65830.52", "0"], ["65830.43", "0"], ["65830.34", "0"]], "a": [["65935.91", "0.151914"], ["65937.5", "0"], ["65939.1", "0"], ["65941.49", "0"], ["65942.56", "0"], ["65954.25", "0.196577"], ["65954.26", "0.427565"], ["65954.28", "0"], ["65954.29", "0"], ["65954.57", "0.023201"], ["65962.93", "0.031182"], ["65975.73", "1.605946"], ["65975.94", "0"], ["65976.77", "0"], ["65978.6", "0"], ["65979.66", "0.031343"], ["66046.3", "0.193248"], ["66046.37", "0.111554"], ["66048.04", "0.005"]], "u": 7735809, "seq": 26771760895}, "cts": 1712071459726, "_doc": "39411ed1-2816-47ad-9296-296401bbfb63"}, {"topic": "orderbook.200.BTCUSDT", "ts": 1712071459529, "type": "delta", "data": {"s": "BTCUSDT", "b": [["65935.9", "0.048944"], ["65935.6", "0.018544"], ["65935.59", "0.015255"], ["65935.41", "0.018544"], ["65934.31", "0.098464"], ["65927.39", "0"], ["65923.1", "0"], ["65915.12", "0.196579"], ["65901.59", "5.503548"], ["65896.77", "8.886329"], ["65892.88", "11.125357"], ["65892.87", "0"], ["65892.46", "0"], ["65891.05", "0"], ["65885.49", "0"], ["65880.45", "0"], ["65876.34", "0"], ["65873.21", "0.001"], ["65844.2", "0.152289"], ["65830.52", "1.636822"], ["65830.43", "0.14"], ["65830.34", "0.000972"]], "a": [["65935.91", "0.247196"], ["65935.92", "0.037086"], ["65936.2", "0.018543"], ["65954.28", "0.427561"], ["65954.29", "0.196577"], ["65954.3", "0"], ["65954.31", "0"], ["65960.57", "0.022756"], ["65976.77", "1.605946"], ["65979", "0"], ["66046.3", "0"], ["66046.37", "0"]], "u": 7735808, "seq": 26771760808}, "cts": 1712071459516, "_doc": "6ac243e3-7d87-474c-979a-9ae0fc5c66c1"}, {"topic": "orderbook.200.BTCUSDT", "ts": 1712071459329, "type": "delta", "data": {"s": "BTCUSDT", "b": [["65935.9", "0.0304"], ["65935.59", "0.1"], ["65935.46", "0"], ["65935.01", "0"], ["65934.54", "0"], ["65934.31", "0.066434"], ["65934.2", "0.000048"], ["65931.28", "0"], ["65931.1", "0.0544"], ["65931", "0"], ["65929.51", "0.181524"], ["65927.39", "0.00187"], ["65921.7", "0"], ["65921.5", "0"], ["65919.9", "0"], ["65918.34", "0.427546"], ["65918.32", "0"], ["65918.06", "0.025"], ["65915.74", "0"], ["65915.12", "0.196578"], ["65904.67", "0.111554"], ["65901.21", "2.5562"], ["65899.71", "0"], ["65897.57", "0"], ["65897.27", "0.923168"], ["65895.33", "0"], ["65892.87", "8.992894"], ["65892.46", "0.304509"], ["65891.05", "1.634219"], ["65888.56", "0.304501"], ["65885.49", "0.98966"], ["65881.38", "3.00546"], ["65880.45", "9.802002"], ["65876.34", "1.213156"], ["65875.01", "0.000153"], ["65873.91", "0"], ["65873.21", "1.732839"], ["65871.48", "0.000307"], ["65871.12", "0"], ["65868.46", "0.083757"], ["65849.84", "0"], ["65849.34", "0"], ["65848.26", "0.111988"], ["65830.52", "0"], ["65830.43", "0"], ["65830.34", "0"], ["65830", "0"]], "a": [["65935.6", "0"], ["65935.91", "0.241288"], ["65935.92", "0.018543"], ["65936.21", "0"], ["65937.5", "0.0304"], ["65937.67", "0"], ["65939.1", "0.0304"], ["65940.6", "0.000048"], ["65940.63", "0.008911"], ["65940.68", "0.04"], ["65940.7", "0.0304"], ["65942.3", "0.0304"], ["65943.89", "0.066124"], ["65947.4", "0.01801"], ["65951.88", "0.003033"], ["65954.3", "0.427555"], ["65954.31", "0.196576"], ["65954.33", "0"], ["65954.34", "0"], ["65958.51", "0"], ["65959.13", "0"], ["65967.57", "0.042155"], ["65969.48", "0"], ["65978.1", "0"], ["65978.6", "0.031343"], ["65979", "1.605967"], ["65980.12", "0"], ["66001.88", "0.006082"], ["66048.04", "0"], ["66048.14", "0"], ["66050.56", "0"], ["66050.71", "0"], ["66051.84", "0"], ["66053.1", "0"], ["66056.44", "0"], ["66056.65", "0"]], "u": 7735807, "seq": 26771760719}, "cts": 1712071459325, "_doc": "ff971a34-b912-4b60-8c28-176ffe157ed1"}, {"topic": "orderbook.200.BTCUSDT", "ts": 1712071459129, "type": "delta", "data": {"s": "BTCUSDT", "b": [["65935.46", "0.388588"], ["65935.01", "0.031202"], ["65934.54", "0.1"], ["65934.3", "0.0304"], ["65934.24", "0.000096"], ["65931.28", "0.335829"], ["65931.1", "0.1544"], ["65931.04", "0"], ["65929.51", "0"], ["65927.39", "0.12034"], ["65923.69", "0.007583"], ["65922.83", "0.004569"], ["65922.23", "0"], ["65921.7", "0.018022"], ["65921.34", "0"], ["65918.32", "0.427543"], ["65918.31", "0"], ["65918.3", "0"], ["65917.46", "0.001517"], ["65916.73", "0"], ["65916.7", "0"], ["65915.74", "0.196571"], ["65913.49", "0.14"], ["65913.32", "0.303866"], ["65913.03", "0.14"], ["65911.25", "0"], ["65910.52", "0"], ["65909.13", "0.075435"], ["65909.12", "0.14"], ["65905.56", "0"], ["65902.63", "0"], ["65899.71", "8.879777"], ["65897.57", "17.007946"], ["65897.56", "0"], ["65897.27", "0"], ["65892.46", "0"], ["65891.66", "0"], ["65882.14", "0"], ["65873.91", "0.000153"], ["65872.38", "0.796248"], ["65872.21", "0"], ["65871.39", "0"], ["65871.12", "0.000307"], ["65868.48", "0"], ["65862.31", "0"], ["65849.84", "0.08959"], ["65848.26", "0"]], "a": [["65931.11", "0"], ["65931.23", "0"], ["65934.55", "0"], ["65935.6", "0.018544"], ["65936.21", "0.018543"], ["65937.18", "0"], ["65937.21", "0"], ["65937.67", "0.004956"], ["65940.7", "0"], ["65942.3", "0"], ["65942.56", "0.007583"], ["65943.9", "0.0304"], ["65944.67", "0"], ["65951.79", "0.004978"], ["65951.8", "0"], ["65953.21", "0.0049"], ["65954.33", "0.196571"], ["65954.34", "0.42756"], ["65954.35", "0"], ["65954.36", "0.078899"], ["65955.96", "0.66469"], ["65955.97", "0.305601"], ["65956.46", "0.227499"], ["65956.57", "0"], ["65957.48", "0"], ["65958.51", "0.003033"], ["65958.93", "0"], ["65959.81", "0.0049"], ["65959.92", "0.075833"], ["65961.52", "0.303866"], ["65964.92", "0.628631"], ["65966.01", "6.495654"], ["65968.85", "0.151666"], ["65969.7", "0.0049"], ["65970.03", "8.808889"], ["65974.03", "0.03863"], ["65974.33", "0"], ["65975.29", "0"], ["65976.77", "0"], ["65976.78", "0"], ["65977.06", "0"], ["65978.1", "1.605884"], ["65978.6", "0"], ["65979.56", "0"], ["65980.12", "0.031343"], ["65980.24", "0.151666"], ["65980.74", "0.454998"], ["65980.98", "0"], ["65981.21", "0"], ["65981.22", "0"], ["65983.68", "0"], ["65983.7", "0.075833"], ["65984.74", "0"], ["65984.76", "0.022752"], ["65989.67", "0.007583"], ["65989.68", "0"], ["65989.69", "0.111645"], ["65993.72", "0"], ["65993.73", "0"], ["65995.44", "0"], ["65997.65", "0.796248"], ["65999.96", "0"], ["66003.85", "0"], ["66004.19", "0"], ["66007.49", "0.151666"], ["66008.18", "0"], ["66014.54", "0"], ["66018.27", "0.03188"], ["66023.49", "0.001514"], ["66028.31", "0.606664"], ["66051.84", "0.14"], ["66056.65", "0.22"]], "u": 7735806, "seq": 26771760524}, "cts": 1712071459124, "_doc": "ca41a2b1-fb5c-4e6b-b4b7-c6e8cd59102b"}, {"topic": "orderbook.200.BTCUSDT", "ts": 1712071458929, "type": "delta", "data": {"s": "BTCUSDT", "b": [["65931.04", "0.000096"], ["65931", "0.000048"], ["65930.75", "0"], ["65929.51", "0.247643"], ["65929", "0.083456"], ["65927.38", "0.054469"], ["65927.35", "0"], ["65922.82", "0.07437"], ["65920.39", "0"], ["65918.31", "0.196571"], ["65918.17", "0.152"], ["65916.73", "0.427553"], ["65916.71", "0"], ["65915.1", "0"], ["65912.17", "0"], ["65911.62", "0.478509"], ["65911.25", "0.303866"], ["65908.87", "0"], ["65906.43", "0.3045"], ["65905.56", "0.007"], ["65904.67", "0.557772"], ["65897.56", "8.879777"], ["65895.33", "0.113736"], ["65895.32", "0"], ["65895.12", "0.047312"], ["65892.46", "0.304505"], ["65891.66", "16.985011"], ["65891.65", "0"], ["65891.13", "0"], ["65890.51", "0"], ["65888.56", "0"], ["65885.49", "0"], ["65882.15", "0"], ["65876.34", "0"], ["65875.28", "0"], ["65872.21", "0.000153"], ["65871.4", "0"], ["65871.21", "0"], ["65864.56", "0"], ["65862.19", "0"], ["65853.02", "0"], ["65852.63", "0.120343"], ["65848.26", "0.08959"], ["65846.36", "0"], ["65830.52", "1.636822"], ["65830.43", "0.14"], ["65830.34", "0.000972"], ["65830", "0.030444"]], "a": [["65931.11", "0.005659"], ["65934.03", "0"], ["65934.06", "0"], ["65934.55", "0.018544"], ["65937.18", "0.000048"], ["65937.21", "0.00486"], ["65937.23", "0"], ["65939.16", "0"], ["65940.69", "0.239346"], ["65940.97", "0.083441"], ["65943.51", "0"], ["65944.25", "0"], ["65947.41", "0.330607"], ["65947.42", "0.152"], ["65948.65", "0"], ["65949.26", "0"], ["65950.18", "0"], ["65952.73", "0"], ["65954.35", "0.196578"], ["65954.36", "0.532527"], ["65954.94", "0.015834"], ["65957.59", "0.21181"], ["65958.51", "0"], ["65958.65", "0.455038"], ["65959.13", "0.042155"], ["65961.71", "0.045854"], ["65965.29", "0"], ["65967", "0.036283"], ["65968.75", "0"], ["65970.03", "9.802005"], ["65970.04", "0"], ["65970.72", "0"], ["65970.83", "0"], ["65972.97", "0.152"], ["65973.26", "0.423953"], ["65974.34", "0"], ["65974.91", "0"], ["65976.77", "0.031343"], ["65976.85", "0"], ["65978.6", "1.605884"], ["65979.55", "0"], ["65979.56", "0.086165"], ["65983.68", "0.022752"], ["65984.74", "0.478504"], ["65992.6", "0.049247"], ["65993.72", "1.731971"], ["65993.87", "0"], ["65995.44", "0.304505"], ["65999.96", "0.948183"], ["66001.08", "0"], ["66003.85", "0.206656"], ["66004.19", "0.085503"], ["66008.18", "0.478502"], ["66056.65", "0"], ["66060.4", "0"], ["66060.76", "0"]], "u": 7735805, "seq": 26771760284}, "cts": 1712071458927, "_doc": "25dc6456-41a0-47bc-a180-cd31fe918113"}, {"topic": "orderbook.200.BTCUSDT", "ts": 1712071458730, "type": "delta", "data": {"s": "BTCUSDT", "b": [["65931.1", "0.286837"], ["65930.75", "0.066121"], ["65929.5", "0.0304"], ["65927.39", "0.00187"], ["65927.38", "0.059826"], ["65926.31", "0"], ["65923.78", "0.217505"], ["65923.77", "0"], ["65922.23", "0.007584"], ["65921.43", "0"], ["65920.66", "0"], ["65920.39", "0.007584"], ["65918.06", "0.040255"], ["65915.11", "0.024021"], ["65913.82", "0.453909"], ["65913.62", "0.20869"], ["65913.51", "0"], ["65913.5", "0"], ["65912.84", "0"], ["65912.5", "0"], ["65912.17", "0.152"], ["65911.9", "0"], ["65911.62", "0.675095"], ["65911.3", "0.22"], ["65909.12", "0.28"], ["65908.87", "0.303866"], ["65908.71", "0"], ["65907.37", "0"], ["65907.3", "0.045497"], ["65906.43", "0.660911"], ["65905.5", "0"], ["65905.38", "0.14"], ["65904.68", "0.478506"], ["65901.59", "0.449555"], ["65901.58", "0"], ["65901.15", "0.015167"], ["65900.39", "0.305601"], ["65897.27", "0.478501"], ["65897.08", "0.424443"], ["65895.32", "5.559735"], ["65895.31", "0"], ["65895.03", "0"], ["65892.87", "0"], ["65892.53", "0"], ["65891.65", "0.113736"], ["65891.13", "8.879777"], ["65891.04", "0.751365"], ["65890.82", "0"], ["65890.51", "1.213161"], ["65887.97", "0"], ["65886.52", "0.022752"], ["65885.92", "0"], ["65885.9", "0"], ["65885.45", "0"], ["65881.94", "2.103638"], ["65880.83", "0"], ["65880.44", "4.506667"], ["65876.34", "1.213156"], ["65876.11", "0"], ["65875.28", "0.478507"], ["65874.07", "0"], ["65871.4", "1.111263"], ["65871.21", "0.000153"], ["65870.14", "0"], ["65868.48", "0.796308"], ["65868.45", "1.112758"], ["65864.82", "0"], ["65864.56", "1.732136"], ["65864.55", "0"], ["65862.31", "0.000307"], ["65862.23", "1.629814"], ["65862.19", "2.252501"], ["65859.3", "0.00113"], ["65856.26", "1.002586"], ["65856.11", "0"], ["65854.24", "0.611201"], ["65853.02", "0.120343"], ["65846.36", "0.08959"], ["65835.13", "0"], ["65832.02", "0"], ["65830.52", "0"], ["65830.43", "0"], ["65830.34", "0"], ["65830", "0"], ["65828.94", "0"], ["65827.75", "0"], ["65827.12", "0"], ["65827.11", "0"], ["65826.01", "0"], ["65825.2", "0"], ["65824.66", "0"], ["65824.27", "0"], ["65823.39", "0"]], "a": [["65927.39", "0"], ["65931.11", "0.03809"], ["65931.27", "0"], ["65932.44", "0"], ["65932.45", "0"], ["65932.46", "0"], ["65934.03", "0.000048"], ["65935.9", "0"], ["65935.97", "0"], ["65937.23", "0.000048"], ["65939.16", "0.007584"], ["65940.7", "0.0304"], ["65940.76", "0"], ["65940.77", "0"], ["65940.78", "0"], ["65941.27", "0"], ["65941.49", "0.007584"], ["65942.3", "0.0304"], ["65943.49", "0"], ["65943.5", "0"], ["65943.78", "0"], ["65946.53", "0"], ["65947.46", "0"], ["65947.9", "0"], ["65948.65", "0.480665"], ["65948.66", "0.024407"], ["65949.26", "0.196584"], ["65949.4", "0"], ["65950.31", "0"], ["65950.43", "0"], ["65951.8", "0.003033"], ["65952.73", "0.3045"], ["65952.74", "0"], ["65953.63", "0"], ["65956.57", "0.478509"], ["65957.88", "0"], ["65958.35", "0"], ["65958.93", "0.303866"], ["65961.03", "0"], ["65964.2", "0.478504"], ["65965.02", "0"], ["65965.29", "0.03863"], ["65965.83", "0.34"], ["65966.4", "0"], ["65966.88", "0"], ["65966.89", "0"], ["65967.29", "0"], ["65970.04", "0.423974"], ["65970.26", "4.506667"], ["65970.72", "1.605884"], ["65970.73", "0"], ["65971.7", "0"], ["65972.97", "0"], ["65974.91", "0.022752"], ["65976.67", "0"], ["65976.78", "0.478504"], ["65979.17", "0"], ["65979.55", "0.031343"], ["65979.57", "0"], ["65979.67", "0.751365"], ["65982.88", "0"], ["65983.51", "0"], ["65984.74", "0.478505"], ["65989.57", "0.089042"], ["65989.81", "0"], ["65991.04", "0"], ["65991.44", "0"], ["65991.74", "0"], ["65993.73", "0.796308"], ["65993.87", "1.329362"], ["65995.44", "2.251191"], ["65995.81", "0"], ["65998.97", "0"], ["66000.61", "2.103638"], ["66004.19", "0.304503"], ["66013.74", "1.000195"], ["66014.54", "0.03188"], ["66020.71", "0.111988"], ["66038.94", "0"], ["66039.24", "0"], ["66044.44", "0.021693"], ["66045.57", "0.000715"], ["66046.3", "0.193248"], ["66046.37", "0.111554"], ["66048.04", "0.005"], ["66048.14", "0.14"], ["66050.56", "0.001233"], ["66050.71", "0.000162"], ["66053.1", "0.384688"], ["66056.44", "0.000305"], ["66056.65", "0.22"], ["66060.4", "0.000263"], ["66060.76", "0.005"]], "u": 7735804, "seq": 26771760067}, "cts": 1712071458726, "_doc": "0f629629-6eb6-46f6-8bd3-78d7d9a77fc2"}, {"topic": "orderbook.200.BTCUSDT", "ts": 1712071458529, "type": "delta", "data": {"s": "BTCUSDT", "b": [["65927.38", "0.275522"], ["65927.35", "0.000048"], ["65926.31", "0.066121"], ["65926.3", "0.0304"], ["65924.7", "0.0304"], ["65924.65", "0.024"], ["65923.77", "2.173551"], ["65923.76", "0.024"], ["65923.22", "0"], ["65923.02", "0"], ["65923.01", "0.1"], ["65922.74", "0"], ["65921.45", "0"], ["65921.44", "0.025"], ["65921.38", "0"], ["65920.66", "0.083037"], ["65919.91", "0.242637"], ["65918.31", "0"], ["65916.71", "0.153498"], ["65910.3", "0"], ["65908.7", "0"], ["65907.37", "0.196598"], ["65905.55", "0"], ["65905.38", "0.28"], ["65903.96", "0.22"], ["65901.62", "0"], ["65901.01", "0"], ["65895.03", "2.5562"], ["65892.87", "0.305601"], ["65891.77", "0"], ["65887.97", "0.113712"], ["65885.92", "8.881078"], ["65885.91", "0"], ["65885.65", "0"], ["65885.16", "0"], ["65882.15", "2.227899"], ["65876.11", "0.022752"], ["65868.98", "0"], ["65864.82", "0.000153"], ["65864.55", "0.796383"], ["65862.62", "0"], ["65862.19", "4.57542"], ["65858.82", "0"], ["65854.26", "0.00607"], ["65843.66", "0"], ["65822.97", "0"]], "a": [["65927.39", "0.055353"], ["65932.44", "0.04"], ["65932.45", "0.179737"], ["65934.06", "0.004611"], ["65934.51", "0"], ["65934.52", "0"], ["65934.91", "0"], ["65935.9", "0.0304"], ["65937.67", "0"], ["65938.54", "0"], ["65938.55", "0"], ["65940.76", "0.000776"], ["65940.77", "0.171608"], ["65943.49", "0.2046"], ["65943.5", "0.023192"], ["65944.67", "0.004978"], ["65944.68", "0"], ["65945.16", "0"], ["65945.19", "0"], ["65945.93", "0"], ["65946.6", "0"], ["65947.9", "0.305601"], ["65948.63", "0"], ["65949.4", "0.14"], ["65949.44", "0"], ["65949.49", "0"], ["65950.43", "0.303866"], ["65952.74", "0.048384"], ["65956.35", "0"], ["65956.36", "0"], ["65956.58", "0.031409"], ["65960.66", "0"], ["65961.91", "0"], ["65963.97", "0"], ["65964.32", "0"], ["65965.02", "0.421825"], ["65966.26", "3.00546"], ["65966.39", "0"], ["65966.88", "1.605952"], ["65968.54", "0"], ["65970.73", "0.031346"], ["65971.7", "0.022752"], ["65976.68", "0"], ["65984.07", "0"], ["65989.81", "0.796383"], ["65994.04", "0.611201"], ["66001.08", "0.4785"], ["66043.97", "0.14"], ["66044.25", "0.003428"]], "u": 7735803, "seq": 26771759699}, "cts": 1712071458527, "_doc": "bf7a4a8e-6fdb-48d3-ab46-f04d2a3c0cd4"}, {"topic": "orderbook.200.BTCUSDT", "ts": 1712071458329, "type": "delta", "data": {"s": "BTCUSDT", "b": [["65923.76", "1.469266"], ["65923.22", "0.147202"], ["65923.1", "0.0304"], ["65923.02", "0.04"], ["65923.01", "0.3"], ["65922.74", "1.255778"], ["65922.73", "0.024"], ["65921.5", "0.0304"], ["65921.45", "0.055198"], ["65921.44", "0.064"], ["65921.43", "0.000048"], ["65921.12", "0.100039"], ["65919.91", "0"], ["65917.45", "0"], ["65915.73", "0.07437"], ["65912.84", "0.007585"], ["65912.5", "0.007585"], ["65910.52", "0.004649"], ["65910.51", "0"], ["65907.37", "0.196605"], ["65904.68", "0"], ["65901.62", "0.303866"], ["65901.01", "0.14"], ["65899.43", "0.14"], ["65899.18", "0"], ["65897.55", "0.060675"], ["65896.64", "0"], ["65895.32", "0"], ["65890.51", "0"], ["65885.91", "8.881078"], ["65885.65", "0.113712"], ["65885.45", "0.047877"], ["65882.96", "0"], ["65882.16", "0"], ["65881.94", "1.051819"], ["65881.78", "0"], ["65871.39", "3.00546"], ["65864.83", "0"], ["65862.62", "0.000153"], ["65862.02", "0"], ["65861", "0"], ["65856.11", "0.000307"], ["65856.09", "0"], ["65846.83", "0"], ["65843.66", "0.120343"], ["65822.61", "0"], ["65821.03", "0"], ["65820.95", "0"], ["65819.65", "0"], ["65819.33", "0"], ["65818.28", "0"], ["65816.91", "0"], ["65816.04", "0"], ["65815.66", "0"], ["65815.41", "0"]], "a": [["65921.45", "0"], ["65923.02", "0"], ["65923.58", "0"], ["65923.77", "0"], ["65924.62", "0"], ["65927.76", "0"], ["65927.9", "0"], ["65929.5", "0"], ["65931.1", "0"], ["65931.27", "0.007585"], ["65937.67", "0.004841"], ["65939.86", "0"], ["65939.87", "0"], ["65941.77", "0"], ["65941.8", "0"], ["65943.5", "0.196605"], ["65943.52", "0"], ["65945.16", "0.000048"], ["65945.19", "0.004611"], ["65945.62", "0"], ["65949.44", "0.047197"], ["65966.39", "1.605952"], ["65968.54", "0.031346"], ["65968.55", "0"], ["65973.36", "0"], ["65980.56", "0.042026"], ["65980.98", "0.000091"], ["65983.51", "0.089042"], ["66000.75", "0"], ["66039.21", "0.14"], ["66040", "0.003091"], ["66041.27", "0.000048"], ["66041.68", "0.000802"], ["66043.47", "0.000332"], ["66043.59", "0.004899"], ["66044.02", "0.000048"], ["66044.03", "0.22"]], "u": 7735802, "seq": 26771759482}, "cts": 1712071458327, "_doc": "5e59032e-8af2-440f-ace7-dab04e948ccb"}, {"topic": "orderbook.200.BTCUSDT", "ts": 1712071458130, "type": "delta", "data": {"s": "BTCUSDT", "b": [["65921.44", "0.365023"], ["65921.38", "0.000096"], ["65921.34", "0.000048"], ["65919.91", "0.242639"], ["65918.84", "0.111554"], ["65918.32", "0"], ["65918.07", "0"], ["65916.71", "0.06612"], ["65913.81", "0.01819"], ["65907.1", "0"], ["65905.55", "0.42763"], ["65905.53", "0"], ["65904.68", "0.19661"], ["65904.67", "0.111554"], ["65901.59", "0"], ["65901.58", "0.206689"], ["65895.63", "0"], ["65891.77", "2.7762"], ["65882.96", "8.876573"], ["65882.16", "0.113753"], ["65879.97", "0"], ["65878.82", "0"], ["65870.14", "4.506667"], ["65869.46", "0"], ["65868.98", "0.022752"], ["65868.87", "0"], ["65864.55", "0"], ["65862.02", "0.000153"], ["65858.95", "0"], ["65858.82", "0.796402"], ["65856.09", "0.000307"], ["65852.72", "0"], ["65834.53", "0"], ["65815.28", "0"], ["65814.76", "0"]], "a": [["65921.45", "0.123842"], ["65923.09", "0"], ["65923.77", "0.018366"], ["65924.62", "0.018365"], ["65927.76", "0.066128"], ["65928.35", "0"], ["65928.36", "0"], ["65937.01", "0"], ["65939.61", "0"], ["65939.86", "0.19661"], ["65941.77", "0.000048"], ["65941.8", "0.004611"], ["65943.78", "0.003034"], ["65944.05", "0"], ["65946.13", "0"], ["65946.53", "0.015836"], ["65947.18", "0"], ["65948.25", "0"], ["65948.63", "0.303866"], ["65950.18", "0.042155"], ["65950.31", "0.625131"], ["65956.35", "6.536878"], ["65957.88", "0.03863"], ["65959.88", "0"], ["65963.06", "0"], ["65963.96", "0"], ["65964.32", "0.022752"], ["65966", "0.061808"], ["65966.39", "1.605983"], ["65968.55", "0.031347"], ["65968.56", "0"], ["65979.56", "4.564645"], ["65984.74", "0"], ["65989.03", "0"], ["66040", "0"], ["66041.27", "0"]], "u": 7735801, "seq": 26771759273}, "cts": 1712071458115, "_doc": "7bb46da4-2fd8-4073-b755-6fe82beb6c1f"}, {"topic": "orderbook.200.BTCUSDT", "ts": 1712071457929, "type": "delta", "data": {"s": "BTCUSDT", "b": [["65921.44", "0.372225"], ["65921.12", "0.200078"], ["65919.9", "0.0304"], ["65918.32", "0.179774"], ["65918.31", "0.082654"], ["65918.3", "0.030361"], ["65918.07", "0.004842"], ["65918.06", "0.070724"], ["65917.49", "0"], ["65916.71", "0"], ["65914.76", "0"], ["65913.51", "0.066123"], ["65911.76", "0"], ["65911.62", "0"], ["65910.51", "0.003034"], ["65908.71", "0.161763"], ["65907.37", "0"], ["65906.88", "0"], ["65906.29", "0"], ["65905.53", "0.427637"], ["65905.5", "0.152"], ["65904.68", "0"], ["65904.67", "0.318233"], ["65903.54", "0"], ["65901.59", "0.196616"], ["65901.56", "0"], ["65900.54", "0"], ["65899.43", "0.28"], ["65899.18", "0.303866"], ["65898.11", "0"], ["65897.28", "0"], ["65897.27", "0"], ["65896.76", "0.022578"], ["65896.04", "0"], ["65893.01", "0"], ["65892.9", "0"], ["65892.53", "0.045507"], ["65890.5", "0.557772"], ["65885.9", "0.420368"], ["65885.16", "0.305601"], ["65882.15", "0.478508"], ["65881.78", "0.051997"], ["65880.83", "0.751365"], ["65880.29", "0"], ["65879.97", "0.113753"], ["65879.96", "0"], ["65878.81", "0"], ["65878.15", "0"], ["65877.98", "0"], ["65875.46", "0"], ["65875.19", "0"], ["65874.07", "0.304503"], ["65869.45", "0"], ["65868.87", "8.876573"], ["65862.2", "0"], ["65862.19", "0"], ["65859.04", "0"], ["65858.82", "0.796555"], ["65856.83", "0"], ["65855.46", "0"], ["65855.45", "0"], ["65852.72", "0.000307"], ["65849.65", "0"], ["65846.01", "0"], ["65842.44", "0"], ["65841.09", "0.000162"], ["65834.53", "0.08959"], ["65829.9", "0"], ["65819.65", "0.446218"], ["65819.33", "0.22"], ["65818.28", "0.001"], ["65816.91", "0.00113"], ["65816.04", "0.000802"], ["65815.66", "0.000075"], ["65815.41", "0.001"], ["65815.28", "0.13"], ["65814.76", "0.000263"]], "a": [["65918.07", "0"], ["65921.13", "0"], ["65921.45", "0.126658"], ["65923.09", "0.018366"], ["65923.1", "0"], ["65923.57", "0"], ["65924.62", "0"], ["65924.7", "0"], ["65925.24", "0"], ["65926.42", "0"], ["65927.14", "0"], ["65927.9", "0.0304"], ["65928.35", "0.193869"], ["65928.36", "0.075171"], ["65928.37", "0"], ["65928.56", "0"], ["65928.59", "0"], ["65928.69", "0"], ["65929.42", "0"], ["65929.5", "0.0304"], ["65929.55", "0"], ["65930.54", "0"], ["65930.55", "0"], ["65932.46", "0.082637"], ["65934.51", "0.3306"], ["65934.52", "0.152"], ["65934.69", "0"], ["65934.7", "0"], ["65934.8", "0"], ["65935.59", "0"], ["65935.96", "0"], ["65937.01", "0.003034"], ["65938.22", "0"], ["65938.54", "0.664687"], ["65938.55", "0.305601"], ["65939.16", "0"], ["65939.61", "0.196619"], ["65939.62", "0"], ["65939.63", "0"], ["65940.78", "0.078899"], ["65940.79", "0"], ["65940.91", "0"], ["65941.32", "0"], ["65944.05", "0.042155"], ["65945.92", "0"], ["65946.13", "0.303866"], ["65946.46", "0"], ["65946.6", "0.0049"], ["65947.24", "0"], ["65947.46", "0.206545"], ["65948.25", "0.03863"], ["65948.26", "0"], ["65949.33", "0"], ["65953.47", "0"], ["65953.62", "0"], ["65956.36", "3.00546"], ["65956.62", "0"], ["65957.23", "0"], ["65958.51", "0.036283"], ["65961.91", "0.419884"], ["65963.06", "1.605983"], ["65963.95", "0"], ["65964.63", "0"], ["65968.56", "0.031347"], ["65972.93", "0"], ["65977.06", "0.007584"], ["65979.56", "0.086165"], ["65980.68", "0"], ["65982.88", "0.007585"], ["65984.07", "0.796402"], ["65991.03", "0"], ["65997.41", "0"], ["66000.75", "0.0113"], ["66029.24", "0.000715"], ["66029.44", "1.636034"], ["66031.66", "0.14"], ["66032.2", "0.111554"], ["66032.86", "0.22"], ["66034.12", "0.005"], ["66034.15", "0.001475"], ["66034.46", "0.000569"], ["66035.07", "0.000263"], ["66035.15", "0.14"], ["66035.57", "0.000305"], ["66037.25", "1.790338"], ["66038.94", "0.303285"], ["66039.24", "0.303285"], ["66039.91", "0.003283"], ["66040", "0.003091"], ["66041.27", "0.000048"]], "u": 7735800, "seq": 26771759123}, "cts": 1712071457927, "_doc": "58e8c091-8f26-48b3-92b5-b57354ee9530"}, {"topic": "orderbook.200.BTCUSDT", "ts": 1712071457730, "type": "delta", "data": {"s": "BTCUSDT", "b": [["65918.06", "0.125825"], ["65916.71", "0.066122"], ["65916.7", "0.0304"], ["65915.1", "0.0304"], ["65914.77", "0"], ["65914.76", "0.066123"], ["65914.75", "0"], ["65911.76", "0.082663"], ["65908.64", "0.07437"], ["65904.58", "0"], ["65898.11", "0.2067"], ["65897.28", "0.196634"], ["65896.87", "0"], ["65890.86", "0"], ["65888.56", "0.304501"], ["65887.4", "0"], ["65882.4", "0"], ["65881.88", "0"], ["65880.29", "0.304502"], ["65879.96", "0.113753"], ["65876.33", "0.557772"], ["65871.78", "0"], ["65862.2", "8.876573"], ["65853.25", "0"], ["65852.12", "0"], ["65836.61", "0.005"], ["65819.65", "0"]], "a": [["65918.07", "0.061339"], ["65918.08", "0"], ["65918.3", "0"], ["65919.9", "0"], ["65921.12", "0"], ["65921.26", "0"], ["65921.5", "0"], ["65923.09", "0"], ["65923.57", "0.066121"], ["65927.14", "0.082643"], ["65928.37", "0.152"], ["65928.68", "0"], ["65929.55", "0.003034"], ["65934.69", "0.196637"], ["65934.7", "0.042155"], ["65934.99", "0"], ["65935.59", "0.03863"], ["65935.96", "0.050771"], ["65936.27", "0"], ["65937.86", "0"], ["65937.87", "0"], ["65940.79", "0.206566"], ["65946.25", "0"], ["65949.04", "0"], ["65949.32", "0"], ["65953.47", "1.605983"], ["65953.62", "0.304506"], ["65956.62", "0.905225"], ["65959.81", "0"], ["65963.95", "0.031347"], ["65972.97", "0.152"], ["65981.21", "0.078128"], ["65984.74", "0.478505"], ["65989.68", "0.329828"], ["65991.03", "0.65965"], ["65997.41", "0.032"], ["66007.38", "0"]], "u": 7735799, "seq": 26771758783}, "cts": 1712071457725, "_doc": "eafbdd08-2057-4ece-92eb-ccd7cfc9cd4b"}, {"topic": "orderbook.200.BTCUSDT", "ts": 1712071457529, "type": "delta", "data": {"s": "BTCUSDT", "b": [["65918.06", "0.016255"], ["65916.71", "0"], ["65916.7", "0"], ["65915.1", "0"], ["65914.77", "0.249761"], ["65914.75", "0.018292"], ["65914.49", "0"], ["65914.48", "0"], ["65911.62", "0.066122"], ["65910.68", "0"], ["65907.37", "0.066125"], ["65905.51", "0"], ["65904.58", "0.082331"], ["65902.86", "0"], ["65902.63", "0.018283"], ["65901.56", "0.161758"], ["65895.33", "0"], ["65894.64", "0"], ["65890.86", "0.20587"], ["65888.55", "0.14"], ["65885.19", "0"], ["65882.4", "2.5562"], ["65881.53", "0"], ["65877.98", "0.050432"], ["65875.46", "0.846544"], ["65874.07", "0"], ["65871.78", "0.113754"], ["65861.01", "0"], ["65853.25", "8.876573"], ["65852.12", "0.024829"], ["65833.7", "0.1"], ["65829.9", "0.08959"], ["65824.63", "0"], ["65819.65", "0.446218"]], "a": [["65918.07", "0.333547"], ["65918.08", "0.1"], ["65918.3", "0.0304"], ["65921.12", "0.04"], ["65921.26", "0.08231"], ["65923.09", "0.01846"], ["65923.57", "0.234052"], ["65924.42", "0"], ["65928.68", "0.196639"], ["65930.53", "0"], ["65934.99", "0.205732"], ["65937.3", "0"], ["65937.86", "0.478506"], ["65937.87", "0.22"], ["65941.27", "0.075851"], ["65941.52", "0"], ["65949.32", "1.605983"], ["65956.62", "3.493022"], ["65956.63", "0"], ["65957.45", "0"], ["65972.93", "0.08904"], ["65979.56", "1.04373"], ["65984.74", "0"], ["66029.24", "0"], ["66029.44", "0"], ["66031.66", "0"], ["66032.2", "0"], ["66032.86", "0"], ["66034.12", "0"], ["66034.15", "0"]], "u": 7735798, "seq": 26771758650}, "cts": 1712071457520, "_doc": "9d2a4583-eb58-427f-bde6-857ea2b2d552"}, {"topic": "orderbook.200.BTCUSDT", "ts": 1712071457330, "type": "delta", "data": {"s": "BTCUSDT", "b": [["65918.06", "0.17087"], ["65917.49", "0.000096"], ["65917.45", "0.000048"], ["65917.07", "0"], ["65917.06", "0"], ["65916.71", "0.118429"], ["65916.11", "0"], ["65916.1", "0"], ["65916.09", "0"], ["65916.07", "0"], ["65914.49", "0.066127"], ["65903.9", "0"], ["65902.86", "0.018452"], ["65901.56", "0.161762"], ["65896.87", "0.018205"], ["65896.04", "0.14"], ["65895.67", "0"], ["65895.33", "0.196635"], ["65887.4", "0.161763"], ["65885.19", "2.5562"], ["65874.07", "0.113754"], ["65873.36", "0"], ["65871.77", "0.002332"], ["65867.28", "0"], ["65864.83", "0.304506"], ["65861.01", "8.877818"], ["65859.04", "8.596168"], ["65859.03", "0"], ["65859.02", "0"], ["65856.83", "0.000153"], ["65856.82", "0"], ["65855.46", "0.617067"], ["65855.26", "0"], ["65852.5", "0"], ["65849.34", "0.002332"], ["65849.01", "0"], ["65838.85", "0"], ["65836.61", "0.125343"], ["65821.03", "0.02319"], ["65820.95", "0.14"]], "a": [["65918.07", "0.043047"], ["65919.9", "0.0304"], ["65921.5", "0.0304"], ["65924.67", "0"], ["65924.7", "0.0304"], ["65928.59", "0.013912"], ["65930.53", "0.196636"], ["65934.3", "0"], ["65937.31", "0"], ["65938.22", "0.000048"], ["65946.25", "0.042155"], ["65952.07", "0"], ["65955.18", "0"], ["65956.63", "1.605983"], ["65957.23", "0.416194"], ["65957.45", "4.560686"], ["65957.46", "0"], ["65959.81", "0.031347"], ["65961.01", "0"], ["65968.25", "0"], ["65973.55", "0"], ["65974.33", "0.435004"], ["65976.67", "1.329364"], ["65994.63", "0"], ["66021.01", "0"], ["66034.46", "0"]], "u": 7735797, "seq": 26771758458}, "cts": 1712071457324, "_doc": "5f5aec1c-44a8-436d-a924-600e03b92ab9"}, {"topic": "orderbook.200.BTCUSDT", "ts": 1712071457129, "type": "delta", "data": {"s": "BTCUSDT", "b": [["65918.06", "0.215226"], ["65917.07", "0.007202"], ["65917.06", "0.1"], ["65916.7", "0.0304"], ["65916.11", "0.573744"], ["65916.1", "0.042082"], ["65916.09", "0.024"], ["65916.07", "0.000048"], ["65915.1", "0.0304"], ["65914.49", "0.106127"], ["65914.48", "0.024"], ["65913.5", "0.0304"], ["65911.9", "0.0304"], ["65911.62", "0.178209"], ["65911.61", "0.024"], ["65910.68", "0.081932"], ["65910.29", "0"], ["65910.28", "0"], ["65908.71", "0"], ["65907.36", "0.024802"], ["65907.33", "0"], ["65906.88", "0.007585"], ["65906.29", "0.007585"], ["65903.54", "0.01"], ["65902.3", "0"], ["65901.56", "0.161755"], ["65901.55", "0.07437"], ["65901.28", "0"], ["65901.27", "0"], ["65900.54", "0.01"], ["65897.27", "0.478506"], ["65897.26", "0.22"], ["65897.14", "0.01"], ["65896.25", "0"], ["65896.02", "0.14"], ["65895.67", "0.196636"], ["65894.64", "0.20488"], ["65893.01", "0.152"], ["65892.9", "0.303866"], ["65892.45", "0.14"], ["65890.51", "0.478504"], ["65888.17", "0"], ["65887.96", "0.01517"], ["65887.4", "0.449362"], ["65887.39", "0"], ["65887.13", "0"], ["65886.71", "0"], ["65886.69", "0"], ["65881.53", "0.051851"], ["65877.7", "0"], ["65876.05", "0"], ["65875.19", "0.416712"], ["65874.06", "0.152"], ["65873.36", "0.113819"], ["65867.94", "0"], ["65864.55", "0.022752"], ["65864.29", "0"], ["65861", "3.00546"], ["65859.03", "8.877818"], ["65858.95", "4.506667"], ["65858.28", "0"], ["65856.82", "0.000153"], ["65855.45", "0.796449"], ["65852.03", "0"], ["65849.65", "0.000307"], ["65849.51", "0"], ["65848.72", "0"], ["65848.34", "0"], ["65843.05", "0"], ["65824.63", "0.08959"], ["65821.03", "0"], ["65820.95", "0"], ["65820.54", "0"], ["65819.65", "0"], ["65819.33", "0"], ["65818.28", "0"], ["65816.91", "0"], ["65816.04", "0"], ["65815.66", "0"], ["65815.41", "0"], ["65815.28", "0"], ["65814.76", "0"], ["65813.55", "0"], ["65813.46", "0"], ["65813.32", "0"], ["65812.61", "0"], ["65811.58", "0"], ["65811.53", "0"], ["65811.25", "0"], ["65810.74", "0"], ["65810.07", "0"]], "a": [["65914.49", "0"], ["65914.52", "0"], ["65916.11", "0"], ["65917.55", "0"], ["65917.77", "0"], ["65918.07", "0.018205"], ["65918.83", "0"], ["65918.84", "0"], ["65919.53", "0"], ["65919.9", "0"], ["65920.17", "0"], ["65920.43", "0"], ["65920.46", "0"], ["65920.49", "0"], ["65921.14", "0"], ["65923.02", "0.01"], ["65923.1", "0.0304"], ["65923.53", "0"], ["65923.54", "0"], ["65923.57", "0.178168"], ["65924.31", "0"], ["65924.42", "0.081915"], ["65924.62", "0.007585"], ["65924.67", "0.000048"], ["65924.7", "0.035989"], ["65925.24", "0.007585"], ["65926.42", "0.01"], ["65928.2", "0"], ["65928.56", "0.000048"], ["65929.41", "0"], ["65929.42", "0.01"], ["65929.74", "0"], ["65930.89", "0"], ["65934.3", "0.196634"], ["65934.31", "0"], ["65934.32", "0"], ["65934.86", "0"], ["65934.91", "0.0049"], ["65935.67", "0"], ["65935.68", "0"], ["65935.97", "0.023341"], ["65935.99", "0"], ["65936.27", "0.003034"], ["65937.3", "0.091691"], ["65939.62", "1.38598"], ["65939.87", "0.037272"], ["65940", "0"], ["65940.83", "0"], ["65941.32", "0.303866"], ["65941.52", "0.204734"], ["65942.22", "0"], ["65943.51", "0.989662"], ["65943.83", "0"], ["65944.85", "0"], ["65944.86", "0"], ["65945.18", "0"], ["65945.92", "6.536881"], ["65948.26", "0.304502"], ["65949.04", "0.03863"], ["65949.33", "0.036283"], ["65952.07", "4.560691"], ["65952.08", "0"], ["65953.45", "0"], ["65953.46", "0"], ["65954.19", "0"], ["65955.19", "0"], ["65957.46", "2.096867"], ["65958.35", "4.506667"], ["65959.88", "0.022752"], ["65961.01", "0.031351"], ["65966.4", "0.751365"], ["65970.83", "0.097101"], ["65972.97", "0"], ["65973.55", "1.732472"], ["65973.56", "0"], ["65980.68", "0.796449"], ["65984.74", "0.478504"], ["65986.09", "0"], ["66001.7", "0"], ["66011.43", "0"], ["66028.07", "0.14"], ["66029.24", "0.000715"], ["66029.44", "1.636034"], ["66031.66", "0.14"], ["66032.2", "0.111554"], ["66032.86", "0.22"], ["66034.12", "0.005"], ["66034.15", "0.001475"], ["66034.46", "0.000569"]], "u": 7735796, "seq": 26771758337}, "cts": 1712071457122, "_doc": "a3902eaa-0409-456a-a7ec-52703c3acd2a"}, {"topic": "orderbook.200.BTCUSDT", "ts": 1712071456929, "type": "delta", "data": {"s": "BTCUSDT", "b": [["65911.61", "0.1"], ["65910.3", "0.0304"], ["65910.29", "0.103676"], ["65910.28", "0.185416"], ["65908.71", "0.066127"], ["65908.7", "0.0304"], ["65907.36", "0.030895"], ["65905.51", "0.066128"], ["65904.68", "0.242639"], ["65902.31", "0"], ["65901.28", "0.178229"], ["65901.27", "0.081943"], ["65899.01", "0"], ["65899", "0"], ["65896.25", "0.003034"], ["65890.48", "0.22"], ["65889.54", "0"], ["65888.17", "0.14"], ["65887.39", "0.196661"], ["65887.38", "0"], ["65885.79", "0.003"], ["65884.05", "0"], ["65877.7", "2.7762"], ["65869.46", "1.634222"], ["65855.26", "0.304504"], ["65850.95", "0"], ["65848.34", "0.796537"], ["65847.67", "0"], ["65847.31", "0"], ["65844.76", "0.001525"], ["65843.05", "0.000307"], ["65838.85", "0.304505"], ["65827.43", "0"], ["65808.33", "0"], ["65807.12", "0"], ["65805.48", "0"], ["65805.41", "0"], ["65803.35", "0"], ["65801", "0"], ["65800.9", "0"]], "a": [["65907.37", "0"], ["65910.29", "0"], ["65910.3", "0"], ["65911.62", "0"], ["65911.9", "0"], ["65915.09", "0"], ["65915.1", "0"], ["65916.7", "0"], ["65918.3", "0"], ["65923.53", "0.427741"], ["65923.54", "0.196662"], ["65923.56", "0"], ["65927.64", "0"], ["65927.65", "0"], ["65928.2", "0.0049"], ["65930.89", "0.204767"], ["65933.35", "0"], ["65934.31", "0.04939"], ["65934.8", "0.0049"], ["65935.67", "0.660911"], ["65936.46", "0"], ["65937.36", "0"], ["65940.83", "0.036283"], ["65942.22", "4.560793"], ["65942.23", "0"], ["65943.51", "0"], ["65944.44", "0"], ["65944.68", "0.0049"], ["65952.08", "2.096867"], ["65955.18", "0.293192"], ["65961.02", "0.027224"], ["65969.97", "0"], ["65973.56", "0.796537"], ["65975.29", "0.035922"], ["65998.17", "0"], ["66022.7", "0.000648"], ["66022.71", "0.048024"], ["66022.94", "0.000162"], ["66023.4", "0.14"], ["66025.85", "0.22"], ["66026.28", "0.003825"], ["66026.56", "0.000838"], ["66026.91", "0.003265"]], "u": 7735795, "seq": 26771757891}, "cts": 1712071456926, "_doc": "08c04316-6a22-4231-8e86-184f822418fb"}, {"topic": "orderbook.200.BTCUSDT", "ts": 1712071456729, "type": "delta", "data": {"s": "BTCUSDT", "b": [["65907.36", "0.140469"], ["65907.24", "0"], ["65907.1", "0.0304"], ["65905.51", "0.066123"], ["65905.5", "0.0304"], ["65904.68", "0"], ["65903.9", "0.0304"], ["65902.31", "0.066127"], ["65899.01", "0.179713"], ["65899", "0.082625"], ["65887.86", "0"], ["65887.38", "0.196663"], ["65887.13", "0.2066"], ["65886.71", "0.667435"], ["65885.79", "0.306866"], ["65885.5", "0"], ["65883.68", "0"], ["65882.14", "0.022729"], ["65881.88", "0.478505"], ["65880.29", "0"], ["65880.08", "0"], ["65869.45", "0.751365"], ["65867.94", "0.113764"], ["65866.15", "0.002624"], ["65865.43", "0"], ["65855.25", "0"], ["65850.95", "8.886954"], ["65847.31", "8.886954"], ["65838.85", "4.242133"], ["65838.84", "0"], ["65835.14", "0"], ["65827.43", "0.120343"], ["65823.02", "0"], ["65800.5", "0"], ["65800", "0"], ["65799.68", "0"], ["65799.49", "0"], ["65799.13", "0"], ["65798.01", "0"], ["65797.31", "0"]], "a": [["65907.37", "0.100798"], ["65908.69", "0"], ["65908.7", "0"], ["65909.24", "0"], ["65910.29", "0.066122"], ["65910.3", "0.0304"], ["65911.59", "0"], ["65911.61", "0"], ["65916.11", "0.082604"], ["65918.82", "0"], ["65919.89", "0"], ["65921.13", "0.245127"], ["65921.45", "0.112698"], ["65923.56", "0.624404"], ["65933.48", "0"], ["65935.68", "0.303866"], ["65939.99", "0"], ["65942.23", "2.096913"], ["65943.51", "0.989656"], ["65953.45", "0.03135"], ["65953.47", "0"], ["65966.01", "0.329823"], ["65974.34", "0.2"], ["65976.85", "0.006074"], ["65981.22", "0.035919"], ["66021.01", "0.006059"], ["66022.7", "0"], ["66022.71", "0"], ["66022.94", "0"]], "u": 7735794, "seq": 26771757735}, "cts": 1712071456726, "_doc": "a5a5f734-89a4-4294-b02f-328f9f2d058e"}, {"topic": "orderbook.200.BTCUSDT", "ts": 1712071456529, "type": "delta", "data": {"s": "BTCUSDT", "b": [["65907.33", "0.000048"], ["65905.93", "0"], ["65895.63", "0.018438"], ["65895.32", "0.179216"], ["65886.7", "0"], ["65885.5", "0.196668"], ["65882.17", "0"], ["65875.46", "0.478509"], ["65870.72", "0"], ["65867.28", "0.4785"], ["65865.43", "0.113764"], ["65864.83", "0.875948"], ["65863.59", "0"], ["65855.26", "1.63422"], ["65854.67", "0"], ["65850.94", "0.00263"], ["65840.43", "0"], ["65838.84", "8.886954"], ["65837.6", "0"], ["65835.14", "2.242186"], ["65796.28", "0"], ["65794.16", "0"]], "a": [["65907.37", "0.270329"], ["65914.49", "0.000048"], ["65914.52", "0.008528"], ["65917.55", "0.322338"], ["65918.82", "0.427756"], ["65919.89", "0.196668"], ["65920.46", "0.005589"], ["65920.49", "0.000096"], ["65921.43", "0"], ["65921.44", "0"], ["65921.5", "0"], ["65923.07", "0"], ["65928.7", "0"], ["65939.99", "2.096913"], ["65940.9", "0"], ["65942.22", "0"], ["65943.51", "0.989663"], ["65948.66", "0"], ["65953.46", "0.304509"], ["65955.18", "1.634225"], ["65961.02", "1.587652"], ["65963.96", "0.242314"], ["65976.78", "0"], ["65994.63", "0.004039"], ["66023.4", "0"], ["66025.85", "0"]], "u": 7735793, "seq": 26771757613}, "cts": 1712071456525, "_doc": "ec0bf1f7-9659-4a14-8945-97b69b5c4f84"}, {"topic": "orderbook.200.BTCUSDT", "ts": 1712071456329, "type": "delta", "data": {"s": "BTCUSDT", "b": [["65911.61", "0"], ["65911.58", "0"], ["65910.59", "0"], ["65909.38", "0"], ["65909.23", "0"], ["65907.89", "0"], ["65907.36", "0.006895"], ["65907.24", "0.018358"], ["65907.1", "0"], ["65905.93", "0.018359"], ["65905.51", "0"], ["65905.5", "0"], ["65904.01", "0"], ["65903.65", "0"], ["65902.3", "0.0304"], ["65899.94", "0"], ["65897.39", "0"], ["65895.32", "0"], ["65888.79", "0"], ["65887.86", "0.330606"], ["65887.85", "0"], ["65887.38", "0"], ["65886.7", "0.196666"], ["65886.34", "0"], ["65886.18", "0"], ["65884.05", "0.14"], ["65883.68", "0.303866"], ["65882.17", "0.023173"], ["65881.88", "0"], ["65880.29", "0.449404"], ["65880.08", "0.206622"], ["65878.82", "0.664689"], ["65878.15", "0.305601"], ["65876.34", "0"], ["65875.46", "6.038242"], ["65875.45", "0"], ["65875.28", "0"], ["65872.36", "0"], ["65870.71", "0"], ["65870.44", "0"], ["65865.43", "0"], ["65864.29", "0.420234"], ["65863.59", "0.113764"], ["65855.32", "0"], ["65855.25", "0.751365"], ["65852.03", "0.000153"], ["65851.99", "0"], ["65851.05", "0"], ["65850.57", "0.000214"], ["65849.01", "3.473979"], ["65849", "0"], ["65847.67", "0.000307"], ["65844.76", "0.798071"], ["65842.44", "0.175671"], ["65841.8", "0"], ["65841.1", "0"], ["65840.43", "8.886954"], ["65838.03", "0"], ["65832.02", "0.611201"], ["65823.02", "0.120343"], ["65816.91", "0.00113"], ["65801", "0.01"], ["65800.9", "0.14"], ["65800.5", "0.193248"], ["65800", "0.202346"], ["65799.68", "0.001701"], ["65799.49", "0.759884"], ["65799.13", "0.00045"], ["65798.01", "1.118025"], ["65797.31", "0.14"], ["65796.28", "0.000715"], ["65794.16", "0.22"]], "a": [["65907.37", "0.255074"], ["65908.69", "0.283628"], ["65908.7", "0.0304"], ["65909.24", "0.082612"], ["65911.59", "0.001288"], ["65911.61", "0.04"], ["65911.62", "0.001"], ["65911.67", "0"], ["65911.68", "0"], ["65911.91", "0"], ["65912.77", "0"], ["65915.09", "0.066125"], ["65915.11", "0"], ["65917.56", "0"], ["65917.77", "0.152"], ["65918.82", "0.427761"], ["65919.53", "0.007586"], ["65920.17", "0.007586"], ["65920.46", "0"], ["65921.09", "0"], ["65921.1", "0"], ["65921.43", "0.196666"], ["65921.45", "0.143167"], ["65923.1", "0"], ["65923.96", "0"], ["65924.31", "0.023341"], ["65924.32", "0"], ["65924.38", "0"], ["65928.69", "0.076953"], ["65929.41", "0.14"], ["65930.6", "0"], ["65933.35", "0.036283"], ["65933.48", "0.303866"], ["65934.31", "0.040403"], ["65934.86", "0.018572"], ["65935.53", "0"], ["65937.2", "0"], ["65940", "0.152"], ["65940.54", "0"], ["65940.9", "2.096915"], ["65942.21", "0"], ["65942.35", "0"], ["65945.86", "0"], ["65947.08", "0"], ["65947.59", "0.000715"], ["65947.65", "0"], ["65948.66", "0.026044"], ["65953.47", "0.03135"], ["65954.73", "0"], ["65966.01", "0"], ["65968.25", "0.002019"], ["65969.48", "0.035925"], ["65969.97", "0.796546"], ["65970.83", "0"], ["65974.23", "0"], ["65984.39", "0"], ["65998.28", "0"], ["66023.4", "0.14"], ["66025.85", "0.22"]], "u": 7735792, "seq": 26771757497}, "cts": 1712071456327, "_doc": "415865a5-ae2c-4ef6-8d63-5a64f8bed28e"}, {"topic": "orderbook.200.BTCUSDT", "ts": 1712071456130, "type": "delta", "data": {"s": "BTCUSDT", "b": [["65911.61", "0.010528"], ["65909.38", "0.018573"], ["65909.23", "0.018573"], ["65908.96", "0"], ["65908.05", "0"], ["65907.89", "0.018573"], ["65907.11", "0"], ["65905.51", "0.045967"], ["65904.68", "0.225888"], ["65897.39", "0.009528"], ["65888.62", "0"], ["65887.46", "0"], ["65887.38", "0.460318"], ["65886.7", "0.196664"], ["65886.69", "0.152"], ["65886.34", "0.303866"], ["65886.29", "0"], ["65886.19", "0"], ["65883.93", "0"], ["65878.23", "0.015837"], ["65875.45", "2.7762"], ["65874.06", "0"], ["65870.72", "1.634225"], ["65869.65", "0"], ["65868.29", "0"], ["65864.82", "0"], ["65862.19", "4.575414"], ["65860.62", "0"], ["65860.4", "0.015596"], ["65859.02", "0.478502"], ["65857.4", "0.015596"], ["65854.2", "0"], ["65848.16", "0.011591"], ["65844.76", "0.001525"], ["65841.8", "4.108372"], ["65841.09", "0.152162"], ["65840.9", "0"], ["65838.83", "0.001525"], ["65838.03", "8.886381"], ["65820.54", "0.002019"], ["65801", "0"], ["65800.9", "0"], ["65800.5", "0"], ["65800", "0"], ["65799.68", "0"], ["65799.49", "0"]], "a": [["65911.62", "0.101"], ["65921.09", "0.42775"], ["65921.1", "0.196665"], ["65921.12", "0"], ["65921.13", "0"], ["65924.7", "0"], ["65929.74", "0.075859"], ["65932.15", "0"], ["65934.31", "0"], ["65937.31", "0.042155"], ["65940.65", "0"], ["65940.91", "0.640957"], ["65942.21", "2.096915"], ["65942.22", "4.560795"], ["65942.23", "0"], ["65942.35", "2.7762"], ["65943.49", "0"], ["65944.85", "9.802002"], ["65945.62", "0.046196"], ["65946.43", "0"], ["65948.91", "0"], ["65949.84", "0"], ["65951.93", "0"], ["65951.94", "0"], ["65954.73", "0.031353"], ["65954.74", "0"], ["65960.39", "0"], ["65968.36", "0"], ["65972.67", "0"], ["65977.91", "0"], ["65979.56", "0"], ["65992.43", "0"], ["65998.36", "0"], ["66014.7", "0.000305"], ["66015.86", "0.14"], ["66017.08", "0.004898"], ["66018.03", "0.111554"], ["66018.94", "0.30338"], ["66019.22", "0.14"], ["66019.25", "0.22"], ["66020.74", "0.303384"], ["66022.7", "0.000648"], ["66022.71", "0.048024"], ["66022.94", "0.000162"]], "u": 7735791, "seq": 26771757220}, "cts": 1712071456126, "_doc": "264e0679-d5fa-48a1-a982-16d8e464451d"}, {"topic": "orderbook.200.BTCUSDT", "ts": 1712071455929, "type": "delta", "data": {"s": "BTCUSDT", "b": [["65911.61", "0.009528"], ["65911.58", "0.000048"], ["65908.96", "0.018573"], ["65908.05", "0.018573"], ["65907.84", "0"], ["65907.11", "0.066129"], ["65907.1", "0.0304"], ["65906.88", "0"], ["65905.51", "0"], ["65904.68", "0.242634"], ["65903.82", "0"], ["65901.55", "0"], ["65899.94", "0.083591"], ["65897.66", "0"], ["65896.96", "0"], ["65896.64", "0.004649"], ["65895.32", "0.179211"], ["65890.82", "0.004655"], ["65890.53", "0"], ["65890.51", "0.242632"], ["65889.54", "0.003035"], ["65887.59", "0"], ["65887.46", "0.303866"], ["65886.19", "0.196664"], ["65886.18", "0.211637"], ["65885.49", "0.989656"], ["65885.48", "0.455014"], ["65885.2", "0"], ["65885.19", "0"], ["65883.93", "0.022872"], ["65878.82", "0"], ["65876.34", "0.242637"], ["65870.71", "0.43043"], ["65869.64", "0"], ["65868.28", "0"], ["65868.25", "0"], ["65865.43", "0.113816"], ["65865.07", "0"], ["65865.06", "0"], ["65864.83", "0.304506"], ["65863.72", "0"], ["65859.5", "0"], ["65859.02", "0"], ["65858.28", "0.022752"], ["65852.37", "0"], ["65849.51", "3.00546"], ["65849.01", "5.007769"], ["65848", "0"], ["65846.01", "0.179218"], ["65841.1", "0.08072"], ["65840.9", "8.886381"], ["65836.27", "0"], ["65834.32", "0"], ["65824.27", "0.151314"], ["65821.03", "0.02319"], ["65813.55", "0.030346"], ["65799.13", "0"], ["65798.01", "0"], ["65797.31", "0"], ["65796.28", "0"]], "a": [["65911.62", "0.1"], ["65912.77", "0.08462"], ["65918.83", "0.04994"], ["65918.84", "0.003035"], ["65921.12", "0.196664"], ["65921.13", "0.427748"], ["65921.43", "0"], ["65923.07", "0.427743"], ["65923.09", "0"], ["65923.57", "0"], ["65924.38", "0.000096"], ["65924.42", "0"], ["65924.69", "0"], ["65926.3", "0"], ["65927.9", "0"], ["65930.54", "0.664686"], ["65930.55", "0.305601"], ["65934.31", "0.049394"], ["65935.53", "0.303866"], ["65937.2", "0.0049"], ["65937.58", "0"], ["65938.52", "0"], ["65938.53", "0"], ["65939.62", "0.064886"], ["65942.23", "2.096915"], ["65943.5", "0"], ["65943.83", "0.03863"], ["65944.25", "0.455014"], ["65947.08", "0.0049"], ["65948.66", "0.304509"], ["65951.13", "0"], ["65954.19", "0.022752"], ["65954.73", "1.634223"], ["65954.75", "0"], ["65960.39", "4.575422"], ["65960.4", "0"], ["65970.83", "0.3045"], ["65976.68", "0.611201"], ["65979.56", "0.916838"], ["65986.5", "0"], ["65995.88", "0"], ["66011.59", "1.629001"], ["66014.7", "0"], ["66015.86", "0"], ["66017.08", "0"], ["66018.03", "0"], ["66018.94", "0"], ["66019.22", "0"], ["66019.25", "0"], ["66020.74", "0"], ["66022.7", "0"]], "u": 7735790, "seq": 26771757054}, "cts": 1712071455923, "_doc": "9ae5b712-8b4e-4ddd-b5ef-7c2ef3ead9ec"}, {"topic": "orderbook.200.BTCUSDT", "ts": 1712071455729, "type": "delta", "data": {"s": "BTCUSDT", "b": [["65915.1", "0"], ["65915.09", "0"], ["65914.84", "0"], ["65914.44", "0"], ["65913.93", "0"], ["65913.14", "0"], ["65911.9", "0"], ["65911.61", "0.009527"], ["65910.3", "0"], ["65909.83", "0"], ["65909.41", "0"], ["65908.95", "0"], ["65908.41", "0"], ["65907.84", "0.018573"], ["65906.88", "0.018806"], ["65905.51", "0.066129"], ["65904.68", "0.989673"], ["65904.43", "0"], ["65904.42", "0"], ["65904.41", "0"], ["65904.01", "0.007586"], ["65903.81", "0"], ["65903.65", "0.007586"], ["65901.56", "0"], ["65896.01", "0"], ["65896", "0"], ["65895.32", "0.179215"], ["65895.31", "0.024282"], ["65895.3", "0"], ["65894.15", "0"], ["65893.17", "0"], ["65893.16", "0"], ["65892.94", "0"], ["65892.84", "0"], ["65891.65", "0"], ["65890.53", "0.660913"], ["65890.51", "0"], ["65890.17", "0"], ["65888.61", "0"], ["65887.85", "0.14"], ["65885.2", "0.19666"], ["65880.38", "0"], ["65880.3", "0"], ["65877.65", "0"], ["65876.05", "0.049761"], ["65874.78", "0"], ["65872", "0"], ["65871.01", "0"], ["65865.07", "0.113758"], ["65863.5", "0"], ["65860.59", "0"], ["65858.92", "0"], ["65855.32", "0.000153"], ["65854.14", "0"], ["65852.84", "0"], ["65852.5", "0.567953"], ["65852.49", "0"], ["65852.38", "0"], ["65851.99", "0.000307"], ["65849", "0.796521"], ["65848.72", "4.506667"], ["65848", "1.213162"], ["65847.1", "0.048026"], ["65846.83", "0.007586"], ["65841.57", "0.011591"], ["65841.1", "8.967101"], ["65833.82", "0.697772"], ["65830.65", "0.07437"], ["65811.58", "0.00105"], ["65811.53", "0.14"], ["65811.25", "0.22"], ["65810.74", "0.000305"], ["65810.07", "0.005"], ["65808.33", "0.015832"], ["65807.12", "0.142"], ["65805.48", "0.446218"], ["65805.41", "0.00193"], ["65803.35", "0.22"], ["65801", "0.01"], ["65800.9", "0.14"], ["65800.5", "0.193248"], ["65800", "0.202346"], ["65799.68", "0.001701"], ["65799.49", "0.759884"], ["65799.13", "0.00045"], ["65798.01", "1.118025"], ["65797.31", "0.14"], ["65796.28", "0.000715"]], "a": [["65911.62", "0.124"], ["65911.67", "0.406321"], ["65911.68", "0.056412"], ["65911.9", "0.0304"], ["65911.91", "0.1"], ["65915.1", "0.0304"], ["65915.11", "0.024"], ["65916.09", "0"], ["65917.46", "0"], ["65917.55", "0.066121"], ["65918.84", "0"], ["65920.46", "0.005589"], ["65921.14", "0.017801"], ["65923.57", "0.398483"], ["65924.42", "0.000048"], ["65924.69", "0.196658"], ["65926.93", "0"], ["65927.64", "0.460023"], ["65927.65", "0.211504"], ["65927.67", "0"], ["65928.18", "0"], ["65928.59", "0"], ["65930.6", "0.0049"], ["65932.15", "0.036539"], ["65932.66", "0"], ["65932.67", "0"], ["65933.51", "0"], ["65934.32", "0.022706"], ["65935.99", "0.14"], ["65937.58", "0.303866"], ["65939.16", "0.015837"], ["65943.49", "4.560793"], ["65943.5", "2.096915"], ["65943.51", "0"], ["65943.74", "0"], ["65944.44", "0.429949"], ["65944.86", "4.506667"], ["65946.46", "3.00546"], ["65947.81", "0"], ["65949.47", "0"], ["65949.84", "0.046552"], ["65951.14", "0"], ["65952.09", "0.000305"], ["65952.93", "0.003428"], ["65954.04", "0"], ["65954.74", "0.031353"], ["65954.76", "0"], ["65954.82", "0"], ["65955.19", "0.751365"], ["65956.36", "0"], ["65960.39", "0"], ["65961.91", "0"], ["65964.63", "0.007586"], ["65968.9", "0"], ["65968.98", "0"], ["65970.1", "0.003542"], ["65972.67", "0.274017"], ["65972.68", "0"], ["65974.23", "0.796521"], ["65978.07", "0"], ["66000.61", "0"], ["66004.59", "0"], ["66022.71", "0"], ["66022.94", "0"], ["66023.4", "0"], ["66025.85", "0"], ["66026.28", "0"], ["66026.56", "0"]], "u": 7735789, "seq": 26771756876}, "cts": 1712071455726, "_doc": "ed1bbdef-e3f4-4edb-8ece-2a1dd1521e05"}, {"topic": "orderbook.200.BTCUSDT", "ts": 1712071455529, "type": "delta", "data": {"s": "BTCUSDT", "b": [["65917.55", "0"], ["65917.52", "0"], ["65917.46", "0"], ["65916.77", "0"], ["65915.45", "0"], ["65915.1", "0.019803"], ["65914.84", "0.018804"], ["65914.44", "0.018804"], ["65913.14", "0.066127"], ["65911.91", "0"], ["65908.66", "0"], ["65903.82", "0.004649"], ["65903.81", "0.018409"], ["65901.56", "0.161755"], ["65896.96", "0.004655"], ["65896.01", "0.66091"], ["65894.48", "0"], ["65893.17", "0.46672"], ["65892.95", "0"], ["65891.65", "0.427711"], ["65890.51", "0.196645"], ["65887.59", "0.305601"], ["65885.19", "0.304506"], ["65884.54", "0"], ["65881.88", "0.478502"], ["65880.3", "2.5562"], ["65880.29", "0"], ["65873.04", "0"], ["65872.36", "0.002623"], ["65856.24", "0"], ["65856.23", "0"], ["65854.14", "0.000307"], ["65853.46", "0"], ["65852.84", "0.796467"], ["65852.49", "8.895148"], ["65825.2", "0.001519"], ["65811.58", "0"], ["65811.53", "0"], ["65811.25", "0"], ["65810.74", "0"]], "a": [["65915.11", "0.157697"], ["65916.09", "0.1"], ["65916.7", "0.0304"], ["65917.46", "1.224611"], ["65917.56", "0.039255"], ["65918.85", "0"], ["65919.92", "0"], ["65920.43", "0.000048"], ["65921.43", "0.363589"], ["65923.57", "0.234044"], ["65923.96", "0.152"], ["65924.35", "0"], ["65928.59", "0.03879"], ["65928.61", "0"], ["65928.62", "0"], ["65929.5", "0"], ["65931.23", "0.001516"], ["65932.66", "0.196645"], ["65933.09", "0"], ["65933.98", "0"], ["65936.47", "0"], ["65949.48", "0"], ["65951.13", "0.739503"], ["65951.93", "1.400646"], ["65953.62", "0"], ["65956.06", "0"], ["65960.39", "3.131316"], ["65963.96", "0.027323"], ["65966.01", "0.183022"], ["65977.97", "0"], ["65978.07", "0.796467"], ["65981.46", "0"], ["66023.52", "0"]], "u": 7735788, "seq": 26771756550}, "cts": 1712071455526, "_doc": "d52f1ac7-906c-4a8b-8ad3-c87cc4a391a7"}, {"topic": "orderbook.200.BTCUSDT", "ts": 1712071455329, "type": "delta", "data": {"s": "BTCUSDT", "b": [["65916.86", "0"], ["65916.77", "0.018803"], ["65915.9", "0"], ["65913.51", "0"], ["65913.5", "0"], ["65911.91", "0.066129"], ["65911.61", "0.001"], ["65910.87", "0"], ["65905.51", "0.066125"], ["65905.5", "0.0304"], ["65899.45", "0"], ["65897.76", "0"], ["65897.75", "0"], ["65896", "0.303866"], ["65892.95", "0.196644"], ["65891.61", "0"], ["65890.51", "0.242637"], ["65890.17", "0.023034"], ["65884.53", "0"], ["65883.63", "0"], ["65882.79", "0"], ["65880.38", "0.049142"], ["65878.82", "0.949208"], ["65876.34", "0"], ["65870.44", "0.751365"], ["65867.67", "0"], ["65861.74", "0"], ["65860.62", "4.958315"], ["65854.67", "0.304508"], ["65853.46", "0.000307"], ["65852.48", "0.000305"], ["65851.05", "2.27557"], ["65837.65", "0"], ["65811.53", "0.14"], ["65811.25", "0.22"], ["65810.74", "0.000305"]], "a": [["65926.93", "0.2175"], ["65926.94", "0"], ["65928.61", "0.427701"], ["65928.62", "0.196644"], ["65928.65", "0"], ["65928.66", "0"], ["65933.16", "0"], ["65936.46", "0.478501"], ["65937.36", "0.22"], ["65947.81", "2.5562"], ["65949.47", "2.097064"], ["65950.19", "0"], ["65951.94", "0.643972"], ["65954.04", "0.051688"], ["65954.75", "7.388371"], ["65958.12", "0"], ["65961.91", "0.031352"], ["65963.04", "0"], ["65984.39", "2.27557"], ["65987.36", "0.2"], ["66000.87", "0"], ["66026.91", "0"], ["66028.07", "0"], ["66029.24", "0"]], "u": 7735787, "seq": 26771756339}, "cts": 1712071455316, "_doc": "fb411ddb-0345-4960-941d-d1d5318ec60b"}, {"topic": "orderbook.200.BTCUSDT", "ts": 1712071455129, "type": "delta", "data": {"s": "BTCUSDT", "b": [["65917.52", "0.000048"], ["65917.3", "0"], ["65916.86", "0.018803"], ["65915.9", "0.018803"], ["65915.48", "0"], ["65915.45", "0.018803"], ["65913.51", "0.066129"], ["65912.76", "0"], ["65912.75", "0"], ["65912.73", "0"], ["65901.69", "0"], ["65901.28", "0"], ["65899.45", "0.004655"], ["65897.84", "0"], ["65897.76", "0.660917"], ["65897.75", "0.303866"], ["65897.66", "0.003034"], ["65897.3", "0"], ["65895.3", "0.152"], ["65893.17", "0"], ["65891.61", "0.196645"], ["65891.59", "0"], ["65890.51", "0.242633"], ["65882.79", "2.7762"], ["65881.89", "0"], ["65877.65", "0.436414"], ["65876.34", "0.242632"], ["65875.28", "0.478507"], ["65874.78", "0.113747"], ["65874.07", "0"], ["65873.39", "0"], ["65871.01", "0.00607"], ["65865.06", "0.022752"], ["65860.62", "5.964815"], ["65860.61", "0"], ["65860.6", "0"], ["65856.24", "8.894623"], ["65855.81", "0"], ["65854.85", "0"], ["65854.67", "0"], ["65852.48", "0.000612"], ["65852.38", "0.305743"]], "a": [["65917.56", "0.255888"], ["65923.09", "0.048345"], ["65924.35", "0.013912"], ["65926.92", "0"], ["65926.93", "0.400518"], ["65928.65", "0.066126"], ["65928.66", "0.196645"], ["65928.68", "0"], ["65928.69", "0"], ["65931.1", "0.004887"], ["65938.52", "0.664687"], ["65938.53", "0.305601"], ["65939.62", "0"], ["65943.74", "0.303866"], ["65945.86", "0.036283"], ["65946.44", "0"], ["65948.15", "0"], ["65948.68", "0"], ["65948.91", "0.042155"], ["65949.48", "6.038242"], ["65949.74", "0"], ["65950.19", "2.097064"], ["65950.2", "0"], ["65950.58", "0"], ["65951.14", "0.34"], ["65953.62", "0.3045"], ["65958.12", "0.054112"], ["65958.63", "0"], ["65960.37", "0"], ["65960.4", "0.022752"], ["65961.15", "0"], ["65961.66", "0"], ["65963.05", "0"], ["65966.01", "0"], ["65968.35", "0"], ["65968.74", "0"], ["65989.03", "0.065645"], ["65991.03", "0"], ["66026.56", "0.000838"], ["66026.91", "0.003265"], ["66028.07", "0.14"], ["66029.24", "0.000715"]], "u": 7735786, "seq": 26771756173}, "cts": 1712071455124, "_doc": "1eb75659-4a06-45ce-a168-73aca1eb253c"}, {"topic": "orderbook.200.BTCUSDT", "ts": 1712071454929, "type": "delta", "data": {"s": "BTCUSDT", "b": [["65921.44", "0"], ["65921.41", "0"], ["65919.91", "0"], ["65919.9", "0"], ["65918.84", "0"], ["65918.3", "0"], ["65917.55", "0.006589"], ["65917.3", "0.018803"], ["65916.71", "0"], ["65916.7", "0"], ["65915.55", "0"], ["65915.48", "0.040901"], ["65915.1", "0.001"], ["65913.96", "0"], ["65913.5", "0.0304"], ["65912.76", "0.106538"], ["65912.75", "0.048983"], ["65912.74", "0"], ["65912.73", "0.024"], ["65911.9", "0.0304"], ["65908.95", "0.086366"], ["65908.66", "0.004827"], ["65908.65", "0"], ["65908.64", "0"], ["65908.42", "0"], ["65904.68", "0"], ["65903.1", "0"], ["65899.43", "0"], ["65899.42", "0"], ["65899.38", "0"], ["65899.09", "0"], ["65897.83", "0"], ["65896.51", "0"], ["65895.3", "0"], ["65894.48", "0.304504"], ["65894.47", "0.082396"], ["65893.17", "0.196642"], ["65893.16", "0.14"], ["65892.94", "0.21458"], ["65892.85", "0"], ["65891.59", "0.023159"], ["65890.51", "0.242637"], ["65889.4", "0.077382"], ["65886.15", "0"], ["65885.74", "0"], ["65883.88", "0"], ["65881.89", "2.7762"], ["65880.3", "0"], ["65878.81", "0.045516"], ["65876.33", "0.111554"], ["65873.17", "0.007585"], ["65872.94", "0"], ["65871.01", "0.119817"], ["65867.94", "0"], ["65865.71", "0"], ["65860.61", "8.894623"], ["65859.75", "0"], ["65858.92", "0.000153"], ["65856.23", "0.796427"], ["65854.85", "0.000307"], ["65851.49", "0"], ["65851.15", "0"], ["65839.32", "0"], ["65835.13", "1.030889"], ["65819.33", "0.22"], ["65818.28", "0.001"], ["65816.04", "0.000802"], ["65815.66", "0.000075"], ["65815.41", "0.001"], ["65815.28", "0.13"], ["65814.76", "0.000263"], ["65813.46", "0.002"], ["65813.32", "0.000162"], ["65812.61", "0.000715"], ["65811.58", "0.00105"]], "a": [["65917.56", "0.257198"], ["65918.3", "0.0304"], ["65918.84", "0.085798"], ["65918.85", "0.04"], ["65919.9", "0.0304"], ["65919.92", "0.001288"], ["65921.43", "0.514538"], ["65921.44", "0.04"], ["65921.45", "0.167167"], ["65923.31", "0"], ["65923.57", "0.066129"], ["65924.32", "0.000048"], ["65925.05", "0"], ["65926.92", "0.04974"], ["65926.93", "0.2175"], ["65927.42", "0"], ["65928.18", "0.007585"], ["65928.68", "0.196642"], ["65928.69", "0.427701"], ["65931.09", "0"], ["65931.1", "0.035287"], ["65931.89", "0"], ["65932.67", "0.427674"], ["65932.69", "0"], ["65932.7", "0"], ["65933.51", "0.215834"], ["65934.01", "0"], ["65936.37", "0"], ["65936.38", "0"], ["65937.18", "0"], ["65939.62", "0.304506"], ["65939.63", "0.14"], ["65940.53", "0"], ["65941.36", "0"], ["65943.51", "0.304501"], ["65943.89", "0"], ["65946.43", "0.478502"], ["65946.44", "0.303866"], ["65947.18", "0.111554"], ["65947.23", "0"], ["65948.15", "0.042155"], ["65948.52", "0"], ["65950.2", "2.7762"], ["65950.58", "2.097064"], ["65953.88", "0"], ["65954.47", "0"], ["65960.88", "0"], ["65961.66", "0.0501"], ["65963.04", "0.031352"], ["65965.63", "0"], ["65966.01", "0.329825"], ["65966.86", "0"], ["65968.35", "0.402891"], ["65968.75", "0.049265"], ["65973.36", "0.00009"], ["65981.46", "0.796427"], ["65984.99", "0"], ["65986.09", "0.007585"], ["65990.83", "0"], ["66000.76", "0"], ["66026.56", "0"], ["66026.91", "0"], ["66028.07", "0"], ["66029.24", "0"], ["66029.44", "0"], ["66031.66", "0"], ["66032.2", "0"], ["66032.86", "0"], ["66034.12", "0"]], "u": 7735785, "seq": 26771755971}, "cts": 1712071454926, "_doc": "b4e01791-efcd-4a39-9fbc-077f7e85d7bf"}, {"topic": "orderbook.200.BTCUSDT", "ts": 1712071454729, "type": "delta", "data": {"s": "BTCUSDT", "b": [["65921.44", "0.072476"], ["65899.43", "0.196623"], ["65897.85", "0"], ["65896.51", "0.022545"], ["65895.31", "0"], ["65892.85", "0.304505"], ["65885.19", "0"], ["65884.54", "1.634225"], ["65873.39", "0.022752"], ["65867.94", "8.894623"], ["65866.47", "0"], ["65865.73", "0"], ["65863.9", "0"], ["65863.72", "3.547566"], ["65854.67", "0.304509"], ["65834.02", "0"], ["65819.33", "0"]], "a": [["65936.37", "0.427654"], ["65936.38", "0.196622"], ["65936.41", "0"], ["65940.52", "0"], ["65952.48", "0"], ["65953.4", "0"], ["65953.62", "4.561116"], ["65953.88", "2.7762"], ["65954.47", "2.097064"], ["65956.35", "0"], ["65960.6", "0"], ["65960.88", "0.042155"], ["65968.35", "0.570963"], ["65968.74", "0.022752"], ["65984.73", "0"], ["65991.03", "0.066423"], ["66011.43", "0.03201"], ["66034.15", "0"], ["66034.46", "0"], ["66035.07", "0"]], "u": 7735784, "seq": 26771755664}, "cts": 1712071454718, "_doc": "96cbb933-f80e-456b-bf87-2f07d7527580"}, {"topic": "orderbook.200.BTCUSDT", "ts": 1712071454529, "type": "delta", "data": {"s": "BTCUSDT", "b": [["65921.44", "0.0341"], ["65920.55", "0"], ["65919.9", "0.0304"], ["65919.82", "0"], ["65910.3", "0.0304"], ["65909.76", "0"], ["65896.53", "0"], ["65895.31", "0.478509"], ["65893.83", "0"], ["65886.15", "2.5562"], ["65884.53", "0.047596"], ["65882.1", "0"], ["65881.22", "0"], ["65874.23", "0"], ["65873.04", "0.002623"], ["65869.89", "0"], ["65869.65", "2.425897"], ["65866.47", "8.897141"], ["65863.9", "9.74806"], ["65863.89", "0"], ["65863.88", "0"], ["65863.58", "0.049344"], ["65854.67", "0"], ["65852.38", "0"], ["65835.31", "0"], ["65822.61", "0.003428"], ["65820.95", "0.14"], ["65819.65", "0.446218"], ["65819.33", "0.22"]], "a": [["65921.45", "0.32216"], ["65923.58", "0.111406"], ["65933.16", "0.003034"], ["65934.01", "0.004611"], ["65936.41", "0.427666"], ["65937.18", "0.000048"], ["65939.96", "0"], ["65940.65", "0.02983"], ["65952.05", "0"], ["65952.48", "6.038238"], ["65953.4", "2.7762"], ["65960.37", "0.163176"], ["65960.38", "0"], ["65965.63", "0.054023"], ["65965.98", "0"], ["65970.18", "0"], ["65970.19", "0"], ["65972.67", "0"], ["65979.56", "0"], ["66035.15", "0"]], "u": 7735783, "seq": 26771755607}, "cts": 1712071454524, "_doc": "48a53976-996a-46ef-8c43-c474c0306a91"}, {"topic": "orderbook.200.BTCUSDT", "ts": 1712071454329, "type": "delta", "data": {"s": "BTCUSDT", "b": [["65921.44", "0.014912"], ["65920.55", "0.019189"], ["65919.82", "0.019189"], ["65918.3", "0.0304"], ["65916.71", "0.187835"], ["65915.11", "0"], ["65912.74", "0.068697"], ["65907.3", "0"], ["65899.42", "0.469688"], ["65899.41", "0"], ["65899.4", "0"], ["65897.85", "0.196626"], ["65896.53", "0.023059"], ["65880.3", "0.113747"], ["65879.96", "0"], ["65869.88", "0"], ["65863.89", "8.897141"], ["65862.19", "0"], ["65859.5", "3.00546"], ["65851.15", "0.000307"], ["65850.59", "0"], ["65835.36", "0"], ["65835.31", "0.08959"], ["65835.29", "0"], ["65822.61", "0"], ["65820.95", "0"], ["65819.65", "0"]], "a": [["65921.45", "0.211462"], ["65932.69", "0.330606"], ["65933.09", "0.152"], ["65933.98", "0.000048"], ["65934.25", "0"], ["65934.26", "0"], ["65935.13", "0"], ["65935.16", "0"], ["65936.46", "0"], ["65938.33", "0"], ["65938.36", "0"], ["65939.4", "0"], ["65940.52", "0.196626"], ["65945.66", "0.001516"], ["65952.05", "2.7762"], ["65963.05", "0.478504"], ["65972.67", "0.416106"], ["65976.78", "0.057433"], ["65979.56", "0.039615"], ["66035.57", "0"]], "u": 7735782, "seq": 26771755505}, "cts": 1712071454327, "_doc": "f9b961ea-e4ce-4aad-b724-2169451ff837"}, {"topic": "orderbook.200.BTCUSDT", "ts": 1712071454129, "type": "delta", "data": {"s": "BTCUSDT", "b": [["65921.44", "0.053288"], ["65916.7", "0.0304"], ["65915.56", "0"], ["65915.11", "0.120495"], ["65913.19", "0"], ["65910.69", "0"], ["65909.76", "0.018645"], ["65907.3", "0.019189"], ["65901.28", "0.303866"], ["65899.41", "0.196624"], ["65899.21", "0"], ["65897.51", "0"], ["65886.51", "0"], ["65865.74", "0"], ["65862.19", "8.897141"], ["65848.16", "0.012721"], ["65837.34", "0"], ["65835.59", "0"], ["65835.36", "0.08959"], ["65835.29", "0.08959"], ["65834.02", "0.111988"]], "a": [["65928.7", "0.017832"], ["65934.25", "0.427658"], ["65934.26", "0.196624"], ["65934.29", "0"], ["65934.3", "0"], ["65936.45", "0"], ["65936.46", "0.039617"], ["65938.01", "0"], ["65954.75", "8.772706"], ["65956.35", "2.097064"], ["65959.5", "0"], ["65960.37", "4.575421"], ["65961.2", "0"], ["65963.05", "1.52893"], ["65963.06", "0"], ["65963.96", "0"], ["65972.02", "0"], ["65976.36", "0"], ["65979.56", "0"], ["65984.72", "0"], ["66034.15", "0.001475"], ["66034.46", "0.000569"], ["66035.07", "0.000263"], ["66035.15", "0.14"], ["66035.57", "0.000305"]], "u": 7735781, "seq": 26771755357}, "cts": 1712071454125, "_doc": "6465a529-ca79-4d13-80aa-d911ca210725"}, {"topic": "orderbook.200.BTCUSDT", "ts": 1712071453929, "type": "delta", "data": {"s": "BTCUSDT", "b": [["65921.44", "0.110531"], ["65919.9", "0"], ["65918.3", "0"], ["65915.57", "0"], ["65915.1", "0.0554"], ["65901.7", "0"], ["65899.41", "0.196621"], ["65887.69", "0"], ["65886.51", "2.5562"], ["65882.12", "0"], ["65879.96", "0.113747"], ["65865.74", "8.897141"], ["65864.83", "0"], ["65852.25", "0.006096"], ["65835.59", "0.111988"], ["65819.65", "0.446218"]], "a": [["65921.45", "0.111499"], ["65921.5", "0.0304"], ["65923.1", "0.0304"], ["65929.5", "0.0304"], ["65931.09", "0.066127"], ["65932.69", "0"], ["65934.29", "0.066128"], ["65936.45", "0.196617"], ["65938.01", "0.427649"], ["65938.05", "0"], ["65938.06", "0"], ["65943.17", "0"], ["65955.56", "0"], ["65963.06", "2.097064"], ["65966.86", "0.031352"], ["65966.87", "0"], ["65966.88", "0"], ["65968.9", "0.751365"], ["65979.9", "0"], ["66034.15", "0"], ["66034.46", "0"]], "u": 7735780, "seq": 26771755202}, "cts": 1712071453926, "_doc": "0bca8d48-3c00-40bb-8f4f-9d2e70455bcd"}