[{"topic": "orderbook.200.BTCUSDC", "ts": 1712071467283, "type": "delta", "data": {"s": "BTCUSDC", "b": [["65932.5", "0"], ["65926.58", "0.002138"], ["65926.56", "0"], ["65926.36", "0.053723"], ["65926.35", "0.089532"], ["65922.81", "0"], ["65920.66", "0.076507"], ["65920.65", "0.1275"], ["65898.52", "3.417585"], ["65896.74", "0"], ["65896.01", "0.12135"], ["65895.31", "0"], ["65832.51", "0.009937"], ["65828.08", "0"], ["65625", "0"]], "a": [["65935.11", "0.019996"], ["65935.51", "0.019996"], ["65936.53", "0.019996"], ["65940.43", "0.002139"], ["65940.71", "0.075836"], ["65941.39", "0.089512"], ["65967.92", "0.03779"], ["65970.44", "0.023723"], ["65970.46", "0"], ["66050.45", "0.981688"], ["66195.64", "0"], ["66197.8", "0"], ["66198.22", "0"], ["66200", "0"], ["66204.08", "0"], ["66204.94", "0"], ["66205.41", "0"]], "u": 7688006, "seq": 27854419820}, "cts": 1712071467280, "_doc": "708b0bf5-59d4-4b5a-a25b-3c8fbb35915c"}, {"topic": "orderbook.200.BTCUSDC", "ts": 1712071467082, "type": "delta", "data": {"s": "BTCUSDC", "b": [["65932.5", "0.002138"], ["65929.13", "0"], ["65928.02", "0"], ["65926.56", "0.151235"], ["65922.81", "0.102935"], ["65922.8", "0"], ["65922.75", "0"], ["65916.01", "0"], ["65913.62", "0.0912"], ["65913.5", "0"], ["65901.4", "0.055051"], ["65898.99", "0"], ["65896.74", "3.417974"], ["65896.72", "0"], ["65895.31", "0.121352"], ["65889.07", "0"], ["65832.51", "0.008265"], ["65832.5", "0"], ["65829.3", "0.410411"], ["65811.82", "0"], ["65800.11", "0"], ["65792.66", "0.00125"], ["65626.65", "0.000769"], ["65625", "0.006951"]], "a": [["65932.72", "0"], ["65932.75", "0"], ["65939.38", "0"], ["65939.42", "0"], ["65939.43", "0"], ["65940.71", "0.025296"], ["65944.43", "0.002139"], ["65956.68", "0"], ["65960.79", "0"], ["65968.52", "1.520185"], ["66044.72", "0"], ["66047.45", "0.000198"], ["66200", "0.007099"], ["66204.08", "0.1315"], ["66204.94", "0.001075"], ["66205.41", "0.000993"]], "u": 7688005, "seq": 27854419624}, "cts": 1712071467072, "_doc": "ddb623b6-fd8b-4df9-ae88-279d371bdc2b"}, {"topic": "orderbook.200.BTCUSDC", "ts": 1712071466882, "type": "delta", "data": {"s": "BTCUSDC", "b": [["65929.13", "0.019895"], ["65929.03", "0"], ["65928.56", "0"], ["65928.02", "0.019895"], ["65927.27", "0"], ["65854.67", "0"], ["65811.82", "0.008271"], ["65627.28", "0.004"]], "a": [["65931.32", "0"], ["65932.01", "0"], ["65932.72", "0.019894"], ["65947.41", "0"], ["66197.8", "0.000757"], ["66198.22", "0.000378"]], "u": 7688004, "seq": 27854419430}, "cts": 1712071466869, "_doc": "cc5e8ad0-7ad2-4cc3-8d0b-fa81ba6db8fc"}, {"topic": "orderbook.200.BTCUSDC", "ts": 1712071466683, "type": "delta", "data": {"s": "BTCUSDC", "b": [["65929.03", "0.019769"], ["65928.56", "0.019769"], ["65927.27", "0.019769"], ["65922.8", "0.055521"], ["65922.77", "0"], ["65922.76", "0"], ["65921.55", "0"], ["65920.55", "0.003724"], ["65918.55", "0.003724"], ["65627.28", "0"], ["65626.65", "0"], ["65625", "0"]], "a": [["65931.32", "0.019768"], ["65931.92", "0"], ["65932.01", "0.019768"], ["65932.75", "0.019768"], ["65932.79", "0"], ["65939.38", "0.002139"], ["65939.42", "0.081659"], ["65940.44", "0.005"], ["65941.44", "0"], ["65942.44", "0.005"], ["65943.44", "0"], ["65944.44", "0.005"], ["65945.44", "0"], ["65945.99", "0.054701"], ["65956.68", "0.1275"], ["65958.23", "0"], ["65960.79", "1.520271"], ["65960.81", "0"], ["65968.52", "0"], ["65970.46", "0.023724"], ["66197.8", "0"], ["66198.22", "0"], ["66200", "0"]], "u": 7688003, "seq": 27854419315}, "cts": 1712071466673, "_doc": "dfb0b409-7d36-4e73-be8c-d8cd0974adb3"}, {"topic": "orderbook.200.BTCUSDC", "ts": 1712071466483, "type": "delta", "data": {"s": "BTCUSDC", "b": [["65924.54", "0"], ["65922.77", "0.002138"], ["65922.76", "0.053387"], ["65922.75", "0.08897"], ["65920.01", "0"], ["65919.12", "0"], ["65919.11", "0"], ["65919.1", "0"], ["65916.01", "0.002138"], ["65896.01", "0"], ["65889.07", "0.121353"], ["65625", "0.006951"]], "a": [["65931.29", "0"], ["65931.92", "0.019768"], ["65932.01", "0"], ["65932.73", "0"], ["65932.74", "0"], ["65932.79", "0.019768"], ["65936.1", "0"], ["65936.11", "0"], ["65936.12", "0"], ["65939.42", "0.099057"], ["65939.43", "0.088948"], ["65945.99", "0"], ["65952.09", "0.001"], ["65954.98", "0"], ["65954.99", "0"], ["65958.22", "0.00131"], ["66044.16", "0"], ["66044.72", "0.000198"], ["66195.64", "0.003359"], ["66197.8", "0.000757"], ["66198.22", "0.000378"], ["66200", "0.007099"]], "u": 7688002, "seq": 27854419097}, "cts": 1712071466477, "_doc": "e2a3d6c0-c6d1-4518-8276-ff38dd03f379"}, {"topic": "orderbook.200.BTCUSDC", "ts": 1712071466283, "type": "delta", "data": {"s": "BTCUSDC", "b": [["65924.54", "0.01977"], ["65924.27", "0"], ["65924.25", "0"], ["65920.01", "0.002138"], ["65920", "0.0159"], ["65919.12", "0.002138"], ["65919.11", "0.053174"], ["65919.1", "0.088621"], ["65916.01", "0"], ["65915.46", "0.001"], ["65913.61", "0.1275"], ["65896.72", "3.417974"], ["65896.01", "0.121355"], ["65890.2", "0"], ["65889.08", "0"], ["65889.07", "0"], ["65882.92", "0.015833"], ["65874.89", "0"], ["65699.87", "0.1275"], ["65625", "0"], ["65624.85", "0"], ["65623.01", "0"], ["65620.58", "0"], ["65619.98", "0"]], "a": [["65931.29", "0.01969"], ["65932.01", "0.019689"], ["65932.73", "0.019689"], ["65936.1", "0.002139"], ["65936.11", "0.053161"], ["65936.12", "0.088598"], ["65940.02", "0"], ["65940.03", "0"], ["65941.23", "0"], ["65945.99", "0.054704"], ["65953.77", "0"], ["65958.22", "0"], ["65968.52", "0.023723"], ["65969.38", "0"], ["65979.74", "0.091164"], ["65986.49", "0.076503"], ["66195.64", "0"], ["66197.8", "0"], ["66198.22", "0"]], "u": 7688001, "seq": 27854418850}, "cts": 1712071466277, "_doc": "2c9c69aa-5164-47c1-9004-aded7a5da04f"}, {"topic": "orderbook.200.BTCUSDC", "ts": 1712071466083, "type": "delta", "data": {"s": "BTCUSDC", "b": [["65924.37", "0"], ["65920.01", "0"], ["65920", "0"], ["65917.93", "0"], ["65916.01", "0.002138"], ["65915.84", "0"], ["65912.68", "0"], ["65912.41", "0.003476"], ["65901.4", "0"], ["65898.99", "0.05505"], ["65896.7", "0"], ["65896.69", "0"], ["65895.56", "0"], ["65890.2", "3.417755"], ["65889.08", "0.121353"], ["65625", "0.006951"], ["65624.85", "0.002459"], ["65623.01", "0.000817"], ["65620.58", "0.004"], ["65619.98", "0.001694"]], "a": [["65932.73", "0.076339"], ["65933.1", "0"], ["65933.86", "0"], ["65934.23", "0"], ["65946", "0.091164"], ["65954.98", "0.00131"], ["65956.26", "0"], ["65956.66", "0"], ["65960.81", "1.520173"], ["65960.89", "0"], ["65963.55", "0"], ["65965.64", "0.455074"], ["65971.16", "0"], ["65976.94", "0"], ["66191.99", "0.001889"], ["66195.64", "0.003359"], ["66197.8", "0.000757"], ["66198.22", "0.000378"]], "u": 7688000, "seq": 27854418500}, "cts": 1712071466080, "_doc": "0dd7f547-8fd5-470e-9769-e344afdd3a90"}, {"topic": "orderbook.200.BTCUSDC", "ts": 1712071465883, "type": "delta", "data": {"s": "BTCUSDC", "b": [["65928.88", "0"], ["65924.37", "0.002138"], ["65924.28", "0"], ["65901.4", "0.05505"], ["65899.01", "0"], ["65896.7", "0.558634"], ["65895.56", "0.121352"]], "a": [["65932.72", "0"], ["65933.1", "0.019593"], ["65947.41", "0.018133"], ["65963.58", "0"], ["65969.38", "0.023723"], ["65970.46", "0"]], "u": 7687999, "seq": 27854418315}, "cts": 1712071465880, "_doc": "809e2d38-f6ba-46e2-9e33-5f7765e04af2"}, {"topic": "orderbook.200.BTCUSDC", "ts": 1712071465683, "type": "delta", "data": {"s": "BTCUSDC", "b": [["65928.88", "0.019529"], ["65924.28", "0.002138"], ["65920.01", "0.002138"], ["65917.94", "0"], ["65899.01", "0.055053"], ["65899", "0"], ["65898.99", "0"], ["65895.56", "0.121351"], ["65800.11", "0.0005"], ["65785.21", "0"], ["65625", "0"], ["65624.85", "0"]], "a": [["65932.72", "0.019528"], ["65932.73", "0"], ["65934.23", "0.019527"], ["65963.55", "1.520226"], ["65963.57", "0"], ["66040.81", "0"], ["66044.16", "0.000198"], ["66050.45", "0"], ["66189.51", "0.000215"]], "u": 7687998, "seq": 27854418187}, "cts": 1712071465680, "_doc": "e66288e0-802e-4386-9811-2808438bc9c0"}, {"topic": "orderbook.200.BTCUSDC", "ts": 1712071465483, "type": "delta", "data": {"s": "BTCUSDC", "b": [["65924.37", "0"], ["65917.94", "0.002138"], ["65914.56", "0"], ["65899", "0.121351"], ["65898.99", "0.055053"], ["65898.97", "0"], ["65898.96", "0"], ["65896.69", "3.417683"], ["65896.3", "0"], ["65828.08", "0.001672"], ["65826.67", "0"], ["65624.85", "0.002459"]], "a": [["65932.72", "0.002139"], ["65932.73", "0.047683"], ["65933.86", "0.019325"], ["65934.35", "0"], ["65935.08", "0"], ["65935.7", "0"], ["65962.25", "0"], ["65963.57", "1.520226"]], "u": 7687997, "seq": 27854418038}, "cts": 1712071465474, "_doc": "370c1b1d-eabc-4e4a-8dde-dab408e89a3e"}, {"topic": "orderbook.200.BTCUSDC", "ts": 1712071465283, "type": "delta", "data": {"s": "BTCUSDC", "b": [["65924.37", "0.002138"], ["65924.28", "0"], ["65921.69", "0"], ["65898.97", "0.055053"], ["65898.96", "0.12135"], ["65898.93", "0"], ["65898.92", "0"], ["65625", "0.006951"]], "a": [["65933.62", "0"], ["65935.7", "0.019324"], ["65962.25", "1.520141"], ["65966.15", "0"]], "u": 7687996, "seq": 27854417929}, "cts": 1712071465278, "_doc": "ce49d07d-6cd3-4e84-aa7b-acab280123e4"}, {"topic": "orderbook.200.BTCUSDC", "ts": 1712071465082, "type": "delta", "data": {"s": "BTCUSDC", "b": [["65930.42", "0"], ["65924.34", "0"], ["65924.33", "0"], ["65924.32", "0"], ["65924.28", "0.002138"], ["65924.27", "0.053268"], ["65924.25", "0.086637"], ["65924", "0"], ["65921.69", "0.081769"], ["65901.4", "0"], ["65900.8", "0"], ["65900.01", "0.0765"], ["65898.94", "0"], ["65898.93", "0.055037"], ["65898.92", "0.121349"], ["65896.3", "3.417683"], ["65626.65", "0.000769"]], "a": [["65932.74", "0.003"], ["65933.62", "0.019325"], ["65934.35", "0.019325"], ["65935.08", "0.019325"], ["65936.59", "0"], ["65940.02", "0.002139"], ["65940.03", "0.063347"], ["65940.05", "0"], ["65940.06", "0"], ["65940.22", "0"], ["65941.23", "0.086954"], ["65944.83", "0"], ["65944.84", "0"], ["65954.99", "0.1275"], ["65955.99", "0"], ["65956.44", "0"], ["65966.15", "1.520141"], ["65969.37", "0"], ["65969.38", "0"], ["65970.46", "0.023723"], ["66040.81", "0.000198"], ["66045.17", "0"]], "u": 7687995, "seq": 27854417787}, "cts": 1712071465067, "_doc": "de555b23-1d0a-4815-be8b-ffb0e63da303"}, {"topic": "orderbook.200.BTCUSDC", "ts": 1712071464883, "type": "delta", "data": {"s": "BTCUSDC", "b": [["65930.42", "0.01925"], ["65924.34", "0.002138"], ["65924.33", "0.060979"], ["65924.32", "0.085728"], ["65924.16", "0"], ["65924.15", "0"], ["65924.12", "0"], ["65920.55", "0"], ["65900.8", "0.121347"], ["65900.02", "0"], ["65900.01", "0.570546"], ["65898.94", "3.417683"], ["65898.93", "0"], ["65875.6", "0"], ["65874.9", "0.091206"], ["65872.23", "0"], ["65854.67", "0.00826"], ["65826.68", "0"], ["65799.98", "0"], ["65785.21", "0.00125"], ["65627.28", "0.004"]], "a": [["65936.59", "0.019249"], ["65940.05", "0.002139"], ["65940.06", "0.026517"], ["65944.83", "0.051425"], ["65956.44", "0.1275"], ["65969.37", "0.023723"], ["65969.38", "1.520141"], ["65969.46", "0"], ["65969.47", "0"], ["66050.45", "0.98169"], ["66189.51", "0"], ["66191.99", "0"], ["66195.64", "0"], ["66197.8", "0"], ["66198.22", "0"]], "u": 7687994, "seq": 27854417557}, "cts": 1712071464880, "_doc": "3a537b0e-8ed3-47ee-83e6-04b6a648e9ee"}, {"topic": "orderbook.200.BTCUSDC", "ts": 1712071464683, "type": "delta", "data": {"s": "BTCUSDC", "b": [["65924.16", "0.200442"], ["65924.15", "0.240974"], ["65924.12", "0.126535"], ["65924", "0.0159"], ["65923.8", "0"], ["65923.62", "0"], ["65923.19", "0"], ["65921.55", "0.003724"], ["65920.95", "0"], ["65920.55", "0.1275"], ["65913.98", "0"], ["65913.5", "0.091204"], ["65912.34", "0.152"], ["65900.02", "0.121348"], ["65898.93", "3.417893"], ["65896.3", "0"], ["65896.01", "0"], ["65874.06", "0.152"], ["65832.5", "0.410411"], ["65826.68", "0.008267"], ["65812.12", "0"], ["65800.5", "0"], ["65684.2", "1.187264"], ["65627.28", "0"], ["65626.65", "0"], ["65625", "0"], ["65624.85", "0"], ["65623.01", "0"]], "a": [["65933.35", "0"], ["65934.09", "0"], ["65934.82", "0"], ["65939.27", "0"], ["65939.35", "0"], ["65940.22", "0.036719"], ["65940.39", "0"], ["65940.84", "0"], ["65940.91", "0"], ["65941.44", "0.005"], ["65942.84", "0"], ["65943.44", "0.005"], ["65944.83", "0.053564"], ["65944.84", "0.085701"], ["65945.44", "0.005"], ["65947.41", "0"], ["65947.42", "0"], ["65953.15", "0"], ["65958.21", "0"], ["65960.89", "0.00131"], ["65962.25", "0"], ["65969.46", "1.520235"], ["65969.47", "0.023723"], ["65969.49", "0"], ["66007.5", "0.194991"], ["66053.2", "0"], ["66185.52", "0.000971"], ["66185.92", "0.1275"], ["66189.51", "0.000215"], ["66191.99", "0.001889"], ["66195.64", "0.003359"], ["66197.8", "0.000757"], ["66198.22", "0.000378"]], "u": 7687993, "seq": 27854417336}, "cts": 1712071464680, "_doc": "9c9d85b2-2ca3-4216-83af-bba53e0e87aa"}, {"topic": "orderbook.200.BTCUSDC", "ts": 1712071464483, "type": "delta", "data": {"s": "BTCUSDC", "b": [["65923.8", "0.0381"], ["65923.62", "0.050919"], ["65923.43", "0"], ["65915.84", "0.003476"], ["65900.01", "0.0765"], ["65898.76", "0.1275"], ["65896.3", "3.417893"], ["65620.58", "0"], ["65619.98", "0"], ["65619", "0"]], "a": [["65933.35", "0.019048"], ["65934.09", "0.019047"], ["65934.82", "0.019047"], ["65939.27", "0.002139"], ["65939.35", "0.002139"], ["65939.38", "0"], ["65939.39", "0"], ["65953.15", "0.1275"], ["65954.36", "0"], ["65962.25", "1.520235"], ["65964.69", "0"], ["65964.7", "0.023072"], ["66185.52", "0"], ["66185.92", "0"], ["66189.51", "0"]], "u": 7687992, "seq": 27854417085}, "cts": 1712071464472, "_doc": "f56f5297-23f5-4c17-87c0-75e6fc3de5cd"}, {"topic": "orderbook.200.BTCUSDC", "ts": 1712071464283, "type": "delta", "data": {"s": "BTCUSDC", "b": [["65923.43", "0.050916"], ["65923.31", "0"], ["65901.4", "0.055038"], ["65900.04", "0"], ["65896.01", "0.121351"], ["65895.56", "0"], ["65807.03", "0"], ["65799.98", "0.0005"]], "a": [["65934.55", "0"], ["65934.56", "0"], ["65935.31", "0"], ["65939.38", "0.002139"], ["65939.39", "0.0878"], ["65939.4", "0"], ["65939.54", "0"], ["65947.41", "0.002139"], ["65958.21", "0.00131"], ["65960.89", "0"], ["65978.76", "0.036284"], ["66045.17", "0.000198"], ["66047.39", "0"], ["66189.51", "0.000215"]], "u": 7687991, "seq": 27854416959}, "cts": 1712071464277, "_doc": "1fc5ada3-5854-437c-9f9e-11e6ecdd990c"}, {"topic": "orderbook.200.BTCUSDC", "ts": 1712071464083, "type": "delta", "data": {"s": "BTCUSDC", "b": [["65923.31", "0.047045"], ["65923.3", "0"], ["65898.92", "0"], ["65895.56", "0.121351"], ["65854.67", "0"], ["65812.12", "0.008271"], ["65619", "1.187264"]], "a": [["65934.55", "0.002139"], ["65934.56", "0.018854"], ["65934.67", "0"], ["65935.31", "0.018956"], ["65935.46", "0"], ["65935.71", "0"], ["65954.36", "0.1275"], ["65954.6", "0"]], "u": 7687990, "seq": 27854416840}, "cts": 1712071464068, "_doc": "430f3fb8-3533-4153-9817-bc8bab2a5c51"}, {"topic": "orderbook.200.BTCUSDC", "ts": 1712071463883, "type": "delta", "data": {"s": "BTCUSDC", "b": [["65931.5", "0"], ["65923.31", "0.099577"], ["65923.3", "0.095369"], ["65923.19", "0.08486"], ["65922.94", "0"], ["65922.73", "0"], ["65922.72", "0"], ["65922.45", "0"], ["65917.93", "0.001"], ["65900.04", "0.055035"], ["65900.02", "0"], ["65900.01", "0.52152"], ["65898.92", "0.12135"], ["65896.01", "0"], ["65619.98", "0.001694"]], "a": [["65934.26", "0"], ["65934.67", "0.002139"], ["65954.6", "0.1275"], ["66189.51", "0"]], "u": 7687989, "seq": 27854416719}, "cts": 1712071463871, "_doc": "4b3443ca-7770-4487-a118-eac2002b8c7a"}, {"topic": "orderbook.200.BTCUSDC", "ts": 1712071463683, "type": "delta", "data": {"s": "BTCUSDC", "b": [["65931.5", "0.018753"], ["65931.02", "0"], ["65922.94", "0.018755"], ["65922.73", "0.095369"], ["65922.72", "0.119124"], ["65922.45", "0.084401"], ["65921.54", "0"], ["65921.45", "0"], ["65921.44", "0"], ["65898.92", "0"], ["65896.01", "0.121351"], ["65807.03", "0.00125"], ["65792.63", "0"], ["65619.98", "0"]], "a": [["65931.34", "0"], ["65933.77", "0"], ["65934.26", "0.018752"], ["65934.91", "0"], ["65935.71", "0.018752"], ["65956.66", "0.001"], ["65964.69", "0.834582"], ["66047.39", "0.000198"], ["66050.45", "0"], ["66051.43", "0"]], "u": 7687988, "seq": 27854416588}, "cts": 1712071463680, "_doc": "89f9e690-97df-4a19-b6dc-5ef03442481f"}, {"topic": "orderbook.200.BTCUSDC", "ts": 1712071463483, "type": "delta", "data": {"s": "BTCUSDC", "b": [["65931.02", "0.018753"], ["65921.54", "0.103158"], ["65921.45", "0.110931"], ["65921.44", "0.177138"], ["65921.17", "0"], ["65921.16", "0"], ["65900.02", "0.055035"], ["65898.92", "0.12135"], ["65898.76", "3.545165"], ["65896.69", "0"], ["65619", "0"]], "a": [["65931.34", "0.003"], ["65933.56", "0"], ["65934.91", "0.018625"], ["65935.46", "0.018752"], ["65939.67", "0"], ["65939.68", "0"], ["65952.89", "0"], ["65964.7", "1.543205"], ["65968.52", "0"], ["66185.92", "0.1275"], ["66189.51", "0.000215"]], "u": 7687987, "seq": 27854416419}, "cts": 1712071463479, "_doc": "221a50af-9c90-4269-9f17-b79c4825909c"}, {"topic": "orderbook.200.BTCUSDC", "ts": 1712071463283, "type": "delta", "data": {"s": "BTCUSDC", "b": [["65925.1", "0"], ["65925.09", "0"], ["65925.08", "0"], ["65924.88", "0"], ["65922.92", "0"], ["65922.91", "0"], ["65921.17", "0.061375"], ["65919.97", "0"], ["65900.8", "0"], ["65900.02", "0.121348"], ["65625", "0.006951"], ["65624.85", "0.002459"], ["65623.01", "0.000817"], ["65620.58", "0.004"], ["65619.98", "0.001694"], ["65619", "1.187264"]], "a": [["65933.56", "0.002139"], ["65933.77", "0.018625"], ["65939.4", "0.002139"], ["65939.54", "0.002139"], ["65939.67", "0.026517"], ["65939.68", "0.047683"], ["65940.13", "0"], ["65944.83", "0"], ["65951.98", "0"], ["65952.89", "0.1275"], ["65953.77", "0.032203"], ["65958.38", "0"], ["65969.49", "0.023721"], ["65970.46", "0"], ["66185.92", "0"], ["66189.51", "0"], ["66191.99", "0"], ["66195.64", "0"]], "u": 7687986, "seq": 27854416131}, "cts": 1712071463279, "_doc": "dc497ebf-846d-4a9e-8af9-3e628e27294d"}, {"topic": "orderbook.200.BTCUSDC", "ts": 1712071463083, "type": "delta", "data": {"s": "BTCUSDC", "b": [["65925.1", "0.021166"], ["65925.09", "0.118986"], ["65925.08", "0.177138"], ["65924.01", "0"], ["65922.92", "0.076502"], ["65900.8", "0.121348"], ["65900.02", "0"], ["65828.71", "0"], ["65826.67", "0.001672"], ["65625", "0"], ["65624.85", "0"], ["65623.01", "0"]], "a": [["65933.71", "0"], ["65934.45", "0"], ["65935.2", "0"], ["65940.13", "0.002139"], ["65940.29", "0"], ["65940.39", "0.078358"], ["65947.42", "0.018626"], ["65951.98", "0.002139"], ["65963.57", "0"], ["65964.12", "0"], ["65968.52", "1.520136"], ["66050.45", "0.98169"], ["66195.64", "0.003359"]], "u": 7687985, "seq": 27854415833}, "cts": 1712071463074, "_doc": "655643f6-b2d6-48fe-9c5f-2205657d3608"}, {"topic": "orderbook.200.BTCUSDC", "ts": 1712071462883, "type": "delta", "data": {"s": "BTCUSDC", "b": [["65931.17", "0"], ["65929.41", "0"], ["65900.03", "0"], ["65900.02", "0.121349"], ["65896.69", "3.41763"], ["65896.67", "0"], ["65792.63", "0.0005"], ["65791.96", "0"], ["65624.85", "0.002459"], ["65623.01", "0.000817"]], "a": [["65934.45", "0.018543"], ["65935.2", "0.018543"], ["66051.43", "0.000198"], ["66054.96", "0"], ["66195.64", "0"], ["66197.8", "0"]], "u": 7687984, "seq": 27854415655}, "cts": 1712071462880, "_doc": "9ef7d47e-6cb1-4b2c-9d87-307573e90453"}, {"topic": "orderbook.200.BTCUSDC", "ts": 1712071462683, "type": "delta", "data": {"s": "BTCUSDC", "b": [["65931.17", "0.018544"], ["65929.41", "0.018545"], ["65919.97", "0.001"], ["65900.03", "0.121348"], ["65900.02", "0"], ["65624.85", "0"], ["65623.01", "0"], ["65620.58", "0"]], "a": [["65933.71", "0.018544"], ["65940.29", "0.002139"], ["65940.39", "0.080497"], ["65940.68", "0"], ["65940.69", "0"], ["65954.82", "0"], ["65955.99", "0.054701"], ["65962.62", "0"], ["65963.57", "0.710705"], ["65964.12", "1.520118"], ["65968.52", "0"], ["66198.22", "0"]], "u": 7687983, "seq": 27854415528}, "cts": 1712071462636, "_doc": "f6ab6535-8b97-4220-9f9d-79bceb4d5095"}, {"topic": "orderbook.200.BTCUSDC", "ts": 1712071462483, "type": "delta", "data": {"s": "BTCUSDC", "b": [["65931.4", "0"], ["65930.76", "0"], ["65929.8", "0"], ["65924", "0"], ["65923.58", "0"], ["65920.95", "0.003724"], ["65901.24", "0"], ["65900.8", "0"], ["65900.02", "0.121349"], ["65898.92", "0.055031"], ["65898.52", "0"], ["65882.04", "0.000414"], ["65849.11", "0.000414"], ["65624.85", "0.002459"], ["65623.01", "0.000817"], ["65620.58", "0.004"]], "a": [["65933.73", "0"], ["65934.99", "0"], ["65935.02", "0"], ["65940.68", "0.131576"], ["65940.69", "0.0878"], ["65940.7", "0"], ["65940.71", "0"], ["65940.84", "0.005"], ["65942.84", "0.005"], ["65944.83", "0.002139"], ["65944.84", "0.005"], ["65947.18", "0"], ["65947.94", "0"], ["65947.95", "0.000414"], ["65954.82", "0.1275"], ["65955.99", "0"], ["65964.44", "0.000414"], ["65966.85", "0"], ["65968.52", "1.520118"], ["66200", "0"]], "u": 7687982, "seq": 27854415400}, "cts": 1712071462469, "_doc": "b9681b01-a4e8-40fa-b6e8-c3653d8b4fc0"}, {"topic": "orderbook.200.BTCUSDC", "ts": 1712071462282, "type": "delta", "data": {"s": "BTCUSDC", "b": [["65931.91", "0"], ["65931.4", "0.018544"], ["65930.76", "0.018544"], ["65929.8", "0.018545"], ["65924.88", "0.030881"], ["65923.58", "0.001"], ["65914.56", "0.018229"], ["65898.52", "0.055031"], ["65791.96", "0.00125"], ["65788.95", "0"], ["65624.85", "0"], ["65623.01", "0"], ["65620.58", "0"], ["65619.98", "0"], ["65619", "0"]], "a": [["65933.73", "0.018544"], ["65934.99", "0.018543"], ["65935.02", "0.018543"], ["65939.78", "0"], ["65940.7", "0.002139"], ["65940.71", "0.075352"], ["65966.85", "1.520092"], ["65969.97", "0"], ["65980.93", "0.000413"], ["66047.42", "0"], ["66054.96", "0.000198"], ["66204.08", "0"], ["66204.94", "0"], ["66205.41", "0"], ["66206.85", "0"], ["66208.24", "0"]], "u": 7687981, "seq": 27854415215}, "cts": 1712071462280, "_doc": "21db9e03-c48d-4925-855f-3e74b5e43edf"}, {"topic": "orderbook.200.BTCUSDC", "ts": 1712071462083, "type": "delta", "data": {"s": "BTCUSDC", "b": [["65931.91", "0.018544"], ["65924.01", "0.098749"], ["65924", "0.0159"], ["65922.92", "0"], ["65900.8", "0.121347"], ["65898.52", "0.055033"], ["65898.51", "0.000414"], ["65896.01", "0"], ["65895.31", "0"], ["65854.67", "0.00826"], ["65825.49", "0"], ["65616.95", "0"], ["65611.01", "0"], ["65609.7", "0"]], "a": [["65933.34", "0"], ["65933.44", "0"], ["65934.18", "0"], ["65939.77", "0"], ["65939.78", "0.075357"], ["65939.79", "0"], ["65947.19", "0"], ["65956.05", "0"], ["65958.21", "0"], ["65960.89", "0.00131"], ["65962.62", "0.263469"], ["65963.57", "0"], ["65966.85", "0"], ["65969.49", "0"], ["65970.46", "0.023721"], ["65978.65", "0"], ["66195.64", "0.003359"], ["66197.8", "0.000757"], ["66198.22", "0.000378"], ["66200", "0.007099"], ["66204.08", "0.1315"], ["66204.94", "0.001075"], ["66205.41", "0.000993"], ["66206.85", "0.000779"], ["66208.24", "0.001469"]], "u": 7687980, "seq": 27854415025}, "cts": 1712071462079, "_doc": "ed7bcb54-0049-4fa0-8c43-75f340ec26b4"}, {"topic": "orderbook.200.BTCUSDC", "ts": 1712071461883, "type": "delta", "data": {"s": "BTCUSDC", "b": [["65928.56", "0"], ["65898.77", "0"], ["65896.67", "3.417572"], ["65896.61", "0"], ["65896.6", "0"], ["65895.31", "0.121352"], ["65865.57", "0.000414"], ["65854.67", "0"], ["65825.49", "0.008267"], ["65609.7", "0.000952"]], "a": [["65933.34", "0.018544"], ["65933.44", "0.018544"], ["65934.18", "0.018543"], ["65939.77", "0.002139"], ["65939.79", "0.112244"], ["65940.09", "0"], ["65940.2", "0"], ["65940.22", "0"], ["65947.18", "0.002139"], ["65947.19", "0.017855"], ["65952.73", "0.152"], ["65958.38", "0.001"], ["65969.47", "0"], ["65969.49", "0.023721"], ["65972.97", "0.152"], ["66195.64", "0"], ["66197.8", "0"], ["66198.22", "0"], ["66200", "0"], ["66204.08", "0"], ["66204.94", "0"], ["66205.41", "0"]], "u": 7687979, "seq": 27854414747}, "cts": 1712071461880, "_doc": "0f0a08b7-0b19-450a-b745-bf85f29d89ce"}, {"topic": "orderbook.200.BTCUSDC", "ts": 1712071461683, "type": "delta", "data": {"s": "BTCUSDC", "b": [["65928.56", "0.018545"], ["65914.67", "0"], ["65908.04", "0.273052"], ["65905.55", "0"], ["65900.8", "0"], ["65898.91", "0.446085"], ["65898.77", "0.121351"], ["65896.61", "3.417769"], ["65896.6", "0.560781"], ["65896.51", "0"], ["65896.5", "0"], ["65896.01", "0.055037"], ["65609.7", "0"]], "a": [["65940.09", "0.002139"], ["65940.2", "0.132289"], ["65940.22", "0.0878"], ["65940.55", "0"], ["65940.91", "0.083439"], ["65943.58", "0"], ["65943.59", "0"], ["65958.21", "0.00131"], ["65961.58", "0"], ["65962.62", "0.703252"], ["65963.57", "1.520179"], ["65964.43", "0"], ["65969.97", "0.169279"], ["65969.98", "0"], ["65969.99", "0"], ["65978.65", "0.036284"], ["66206.85", "0"]], "u": 7687978, "seq": 27854414552}, "cts": 1712071461677, "_doc": "b943daeb-f07c-4297-ba39-7affa7b3cb5e"}, {"topic": "orderbook.200.BTCUSDC", "ts": 1712071461483, "type": "delta", "data": {"s": "BTCUSDC", "b": [["65930.01", "0"], ["65929.99", "0"], ["65925.6", "0"], ["65925.59", "0"], ["65922.92", "0.0765"], ["65921.16", "0.083464"], ["65920.8", "0"], ["65920.79", "0"], ["65916.01", "0"], ["65914.67", "0.018059"], ["65902.33", "0.169275"], ["65902.32", "0"], ["65902.31", "0"], ["65901.4", "0"], ["65900.8", "0.121346"], ["65898.77", "0.055037"], ["65896.51", "3.417769"], ["65896.5", "0.763041"], ["65896.45", "0"], ["65882.04", "0"], ["65865.57", "0"], ["65619.98", "0.001694"], ["65619", "1.187264"], ["65616.95", "0.002705"], ["65611.01", "0.000538"], ["65609.7", "0.000952"]], "a": [["65940.55", "0.027436"], ["65940.69", "0"], ["65940.71", "0"], ["65947.95", "0"], ["65948", "0.0151"], ["65956.05", "0.1275"], ["65961.58", "0.001"], ["65964.44", "0"], ["65966.85", "0.027945"], ["65969.47", "0.023723"], ["65969.48", "0"], ["65969.98", "1.520179"], ["65969.99", "0.720892"], ["65970.43", "0"], ["65980.93", "0"], ["65997.42", "0"], ["66047.42", "0.000198"], ["66056.6", "0"]], "u": 7687977, "seq": 27854414248}, "cts": 1712071461479, "_doc": "55d63a9c-9403-4b0d-9b8e-c86ee5ec05ef"}, {"topic": "orderbook.200.BTCUSDC", "ts": 1712071461283, "type": "delta", "data": {"s": "BTCUSDC", "b": [["65930.01", "0.03709"], ["65929.99", "0.00214"], ["65925.6", "0.120267"], ["65925.59", "0.198304"], ["65925.35", "0"], ["65925.03", "0"], ["65924.01", "0"], ["65920.8", "0.050274"], ["65920.79", "0.083786"], ["65914.86", "0"], ["65907.94", "0.455084"], ["65906.29", "0"], ["65902.32", "3.539114"], ["65902.31", "0.169283"], ["65902.28", "0"], ["65901.4", "0.055037"], ["65896.45", "0.766615"], ["65896.39", "0"], ["65894.51", "0"], ["65894.5", "0"], ["65889.07", "0.076503"], ["65885.68", "0"], ["65757.23", "0"], ["65623.01", "0.000817"], ["65620.58", "0.004"]], "a": [["65934.85", "0"], ["65934.86", "0"], ["65935.7", "0"], ["65940.69", "0.0136"], ["65940.7", "0"], ["65940.71", "0.025292"], ["65943.58", "0.050262"], ["65947.63", "0"], ["65947.65", "0"], ["65947.94", "0.00214"], ["65953.78", "0.125626"], ["65953.79", "0.209362"], ["65954.66", "0"], ["65955.27", "0"], ["65955.99", "0.054703"], ["65962.62", "0.263469"], ["65966.85", "0"], ["65969.48", "1.520179"], ["65969.49", "0"], ["65970.42", "0"], ["66204.08", "0.1315"], ["66204.94", "0.001075"], ["66205.41", "0.000993"], ["66206.85", "0.000779"]], "u": 7687976, "seq": 27854413919}, "cts": 1712071461280, "_doc": "f257d714-6000-4d75-a71d-655d4359f7ef"}, {"topic": "orderbook.200.BTCUSDC", "ts": 1712071461083, "type": "delta", "data": {"s": "BTCUSDC", "b": [["65932.3", "0"], ["65927.32", "0"], ["65927.31", "0"], ["65925.46", "0"], ["65924", "0"], ["65919.83", "0"], ["65916.01", "0.00214"], ["65904.01", "0"], ["65902.32", "0.121344"], ["65898.51", "0"], ["65635.38", "0.018952"], ["65629.96", "0.000569"], ["65627.28", "0.004"], ["65626.65", "0.000769"], ["65625", "0.006951"], ["65624.85", "0.002459"]], "a": [["65934.85", "0.00214"], ["65936.13", "0"], ["65936.77", "0"], ["65940.7", "0.00214"], ["65943.59", "0.083757"], ["65947.62", "0"], ["65947.64", "0"], ["65947.67", "0"], ["65954.36", "0"], ["65954.66", "0.1275"], ["65958.22", "0.030924"], ["65962.75", "0"], ["65969.49", "1.520101"], ["66198.22", "0.000378"], ["66200", "0.007099"]], "u": 7687975, "seq": 27854413599}, "cts": 1712071461072, "_doc": "3f66ec04-3e21-4a5c-a684-91614a6df307"}, {"topic": "orderbook.200.BTCUSDC", "ts": 1712071460883, "type": "delta", "data": {"s": "BTCUSDC", "b": [["65933.03", "0"], ["65932.3", "0.018616"], ["65932.28", "0"], ["65927.32", "0.00214"], ["65925.36", "0"], ["65902.32", "0"], ["65902.31", "0.856692"], ["65901.4", "0.055033"], ["65791.73", "0"], ["65788.95", "0.0005"], ["65638.36", "0.00031"]], "a": [["65935.7", "0.018615"], ["65937.91", "0"], ["65947.62", "0.00214"], ["65947.63", "0.01"], ["65969.49", "1.520044"], ["65972.22", "0.254389"], ["65972.55", "0"], ["66056.6", "0.000198"], ["66060.96", "0"], ["66198.22", "0"], ["66200", "0"]], "u": 7687974, "seq": 27854413479}, "cts": 1712071460871, "_doc": "6f7c74bb-b9c4-4db1-8099-494f1828787c"}, {"topic": "orderbook.200.BTCUSDC", "ts": 1712071460683, "type": "delta", "data": {"s": "BTCUSDC", "b": [["65927.31", "0.001"], ["65902.32", "0.055023"], ["65902.31", "0.169283"], ["65902.3", "0"], ["65902.29", "0"], ["65902.28", "3.417464"], ["65900.01", "0.0765"], ["65638.36", "0"], ["65635.38", "0"], ["65629.96", "0"]], "a": [["65940.71", "0.024597"], ["65940.72", "0.042147"], ["65962.75", "0.001"], ["65969.97", "0"], ["65970.42", "0.023722"], ["65970.43", "0.169277"], ["65970.44", "0"], ["65971.15", "0"], ["65971.39", "0"], ["65972.22", "0.887737"], ["65972.55", "1.520044"], ["66204.08", "0"], ["66204.94", "0"], ["66205.41", "0"]], "u": 7687973, "seq": 27854413371}, "cts": 1712071460669, "_doc": "354ab398-7796-4f52-9aef-5ff787f85bfb"}, {"topic": "orderbook.200.BTCUSDC", "ts": 1712071460483, "type": "delta", "data": {"s": "BTCUSDC", "b": [["65933.03", "0.018615"], ["65932.28", "0.018616"], ["65932.2", "0"], ["65925.46", "0.00214"], ["65925.36", "0.00214"], ["65919.83", "0.1275"], ["65916.01", "0"], ["65914.86", "0.018423"], ["65906.29", "0.022774"], ["65902.3", "0.055023"], ["65902.29", "0.857554"], ["65902.22", "0"], ["65902.21", "0"], ["65627.28", "0"], ["65626.65", "0"], ["65625", "0"], ["65624.85", "0"], ["65623.01", "0"]], "a": [["65936.13", "0.018614"], ["66011.87", "0.003186"], ["66100.86", "0.003186"], ["66206.85", "0"], ["66208.24", "0"], ["66209.66", "0"]], "u": 7687972, "seq": 27854413262}, "cts": 1712071460479, "_doc": "2432b2e0-2b53-4968-95b4-c51ccf3f4ef5"}, {"topic": "orderbook.200.BTCUSDC", "ts": 1712071460283, "type": "delta", "data": {"s": "BTCUSDC", "b": [["65935.79", "0"], ["65934.95", "0"], ["65934.2", "0"], ["65933.7", "0"], ["65932.2", "0.037232"], ["65928", "0"], ["65919.56", "0"], ["65916.01", "0.00214"], ["65904.01", "0.121342"], ["65902.22", "3.417464"], ["65902.21", "0.924388"], ["65902.12", "0"], ["65902.11", "0"], ["65902.1", "0"], ["65901.4", "0"], ["65797.8", "0"], ["65791.73", "0.00125"], ["65629.96", "0.000569"], ["65627.28", "0.004"], ["65626.65", "0.000769"], ["65625", "0.006951"], ["65624.85", "0.002459"], ["65623.01", "0.000817"]], "a": [["65934.86", "0.003"], ["65936.77", "0.018614"], ["65937.91", "0.018544"], ["65947.64", "0.00214"], ["65947.65", "0.051591"], ["65947.67", "0.083436"], ["65947.78", "0"], ["65947.91", "0"], ["65947.92", "0"], ["65947.93", "0"], ["65951.99", "0.007"], ["65960.53", "0"], ["65960.9", "0.018545"], ["65967.12", "0"], ["65983.61", "0"], ["66212.12", "0"]], "u": 7687971, "seq": 27854413111}, "cts": 1712071460279, "_doc": "a431e88d-4b5a-4722-bd03-7e55012cb76c"}, {"topic": "orderbook.200.BTCUSDC", "ts": 1712071460083, "type": "delta", "data": {"s": "BTCUSDC", "b": [["65935.79", "0.00214"], ["65934.95", "0.018544"], ["65934.81", "0"], ["65934.2", "0.018545"], ["65933.7", "0.018545"], ["65932.84", "0"], ["65928", "0.0151"], ["65925.35", "0.050084"], ["65925.33", "0"], ["65925.32", "0"], ["65925.31", "0"], ["65924.01", "0.076505"], ["65904.01", "0.121341"], ["65902.12", "3.41774"], ["65902.11", "0.055033"], ["65901.4", "0.73386"], ["65901.31", "0"], ["65901.3", "0"], ["65898.77", "0"], ["65697.44", "0"]], "a": [["65937.92", "0"], ["65938.64", "0"], ["65939.16", "0"], ["65944.2", "0"], ["65944.31", "0"], ["65947.78", "0.00214"], ["65947.91", "0.00214"], ["65947.92", "0.054207"], ["65947.93", "0.047683"], ["65954.07", "0"], ["65955.99", "0"], ["65958.24", "0"], ["65960.53", "0.0049"], ["65962.61", "0"], ["65962.62", "0.683364"], ["65962.63", "0"], ["65964", "0.1275"], ["65964.43", "0.00131"], ["65967.12", "0.0049"], ["65971.15", "0.657213"], ["65971.39", "1.520166"], ["65983.61", "0.0049"], ["65986.75", "0.042154"], ["66060.96", "0.000198"], ["66066.17", "0"]], "u": 7687970, "seq": 27854412837}, "cts": 1712071460074, "_doc": "7a907aa0-0241-4d71-b07a-2a74c1deef16"}, {"topic": "orderbook.200.BTCUSDC", "ts": 1712071459883, "type": "delta", "data": {"s": "BTCUSDC", "b": [["65934.81", "0.018544"], ["65932.84", "0.03709"], ["65925.33", "0.081769"], ["65925.32", "0.00214"], ["65925.31", "0.050083"], ["65925.27", "0"], ["65925.17", "0"], ["65925.05", "0"], ["65924.01", "0.076506"], ["65919.56", "0.1275"], ["65901.31", "3.41774"], ["65901.3", "0.695766"], ["65901.25", "0"], ["65900.02", "0"], ["65900.01", "0"], ["65898.77", "0.055033"], ["65828.71", "0.001672"], ["65818.28", "0"], ["65629.96", "0"], ["65627.28", "0"], ["65626.65", "0"], ["65625", "0"]], "a": [["65937.04", "0"], ["65937.92", "0.018544"], ["65937.95", "0"], ["65938.64", "0.018543"], ["65938.68", "0"], ["65939.16", "0.018543"]], "u": 7687969, "seq": 27854412410}, "cts": 1712071459879, "_doc": "bb89214f-156b-497e-80d6-1b773801a273"}, {"topic": "orderbook.200.BTCUSDC", "ts": 1712071459683, "type": "delta", "data": {"s": "BTCUSDC", "b": [["65925.27", "0.018547"], ["65925.17", "0.200444"], ["65925.05", "0.187701"], ["65925.03", "0.083464"], ["65924.29", "0"], ["65924.28", "0"], ["65924.17", "0"], ["65904.01", "0.121343"], ["65902.11", "0"], ["65901.25", "3.417307"], ["65896.39", "0.254689"], ["65896.37", "0"], ["65896.36", "0"], ["65854.67", "0.00826"], ["65838.23", "0"], ["65624.85", "0"]], "a": [["65934.56", "0"], ["65935.48", "0"], ["65936.57", "0"], ["65937.04", "0.018544"], ["65937.86", "0"], ["65937.95", "0.018544"], ["65938.68", "0.018543"], ["65955.99", "0.027713"], ["65964.7", "0.023072"], ["65966.85", "0.027938"], ["65970.44", "0.023723"], ["65970.45", "0"], ["65970.46", "0"], ["65971.15", "0.893356"], ["65971.39", "1.519971"], ["65972.22", "0"], ["66050.45", "0"], ["66214.29", "0"]], "u": 7687968, "seq": 27854412214}, "cts": 1712071459679, "_doc": "71141ea3-6707-41e8-a8e4-2a9fe02d082c"}, {"topic": "orderbook.200.BTCUSDC", "ts": 1712071459482, "type": "delta", "data": {"s": "BTCUSDC", "b": [["65933.71", "0"], ["65924.29", "0.00214"], ["65924.28", "0.081769"], ["65924.17", "0.085565"], ["65924.04", "0"], ["65924.03", "0"], ["65923.21", "0"], ["65902.11", "0.121345"], ["65900.08", "0"], ["65900.02", "0.055026"], ["65900.01", "0.076503"], ["65898.77", "0"], ["65896.37", "0.827846"], ["65896.36", "3.417307"], ["65896.31", "0"], ["65797.8", "0.0005"], ["65791.8", "0"]], "a": [["65934.56", "0.050188"], ["65936.57", "0.018544"], ["65937.86", "0.018544"], ["65939.07", "0"], ["65939.08", "0"], ["65939.83", "0"], ["65944.21", "0"], ["65954.07", "0.015746"], ["65955.27", "0.054699"], ["65955.99", "0"], ["65958.01", "0"], ["65962.61", "0.00131"], ["65966.54", "0"], ["65970.45", "1.519971"], ["65970.46", "0.023723"], ["65970.55", "0"], ["65972.21", "0"], ["65982.64", "0"], ["65986.49", "0"], ["65998.17", "0.076509"], ["65999.75", "0"], ["66051.34", "0"], ["66066.17", "0.000198"], ["66097.41", "0.002019"], ["66212.12", "0.000562"], ["66214.29", "0.0002"]], "u": 7687967, "seq": 27854411969}, "cts": 1712071459478, "_doc": "0302e694-970f-48e8-81bc-865537424c59"}, {"topic": "orderbook.200.BTCUSDC", "ts": 1712071459283, "type": "delta", "data": {"s": "BTCUSDC", "b": [["65934.79", "0"], ["65934.78", "0"], ["65933.71", "0.018545"], ["65933.67", "0"], ["65933.57", "0"], ["65925.54", "0"], ["65925.53", "0"], ["65924.04", "0.00214"], ["65924.03", "0.25591"], ["65920.21", "0"], ["65920.2", "0"], ["65914", "0"], ["65905.56", "0"], ["65900.08", "0.055029"], ["65900.04", "0"], ["65900.01", "0.654967"], ["65898.77", "3.417307"], ["65755.79", "0.002019"], ["65627.28", "0.004"], ["65626.65", "0.000769"], ["65625", "0.006951"], ["65624.85", "0.002459"]], "a": [["65935.48", "0.003"], ["65937.75", "0"], ["65939.07", "0.00214"], ["65939.08", "0.018543"], ["65939.83", "0.018543"], ["65944.04", "0"], ["65944.2", "0.00214"], ["65944.21", "0.01929"], ["65947.26", "0"], ["65952", "0.0151"], ["65954.08", "0.018649"], ["65954.36", "0.007583"], ["65955.99", "0.063767"], ["65956.26", "0.091164"], ["65958.01", "0.018544"], ["65959.46", "0"], ["65961.95", "0"], ["65964.43", "0"], ["65966.54", "0.00131"], ["65969.5", "0.015833"], ["65969.97", "0.169274"], ["65969.98", "0"], ["65969.99", "0"], ["65970.55", "1.519971"], ["65970.61", "0"], ["65972.21", "0.023721"], ["66044.59", "0.001009"], ["66050.45", "0.981683"], ["66054.36", "0.151797"], ["66212.12", "0"], ["66214.29", "0"], ["66216.91", "0"], ["66217.06", "0"], ["66219.12", "0"], ["66219.35", "0"], ["66219.45", "0"], ["66219.5", "0"], ["66219.96", "0"], ["66220.54", "0"], ["66221", "0"]], "u": 7687966, "seq": 27854411692}, "cts": 1712071459279, "_doc": "4a879c3b-b6de-4cc5-93e8-862d6c17d95e"}, {"topic": "orderbook.200.BTCUSDC", "ts": 1712071459083, "type": "delta", "data": {"s": "BTCUSDC", "b": [["65934.79", "0.00214"], ["65934.78", "0.018545"], ["65933.67", "0.018545"], ["65933.57", "0.018545"], ["65933.4", "0"], ["65931.78", "0"], ["65931.66", "0"], ["65925.54", "0.12027"], ["65925.53", "0.198304"], ["65925.48", "0"], ["65925.45", "0"], ["65920.21", "0.076505"], ["65920.2", "0.1275"], ["65905.56", "0.121341"], ["65902.09", "0"], ["65900.04", "4.167458"], ["65900.02", "0"], ["65900.01", "0"], ["65898.77", "0"], ["65898.32", "0"], ["65879.88", "0"], ["65808.46", "0.001009"]], "a": [["65935.7", "0"], ["65937.75", "0.018544"], ["65944.04", "0.022256"], ["65944.19", "0"], ["65944.29", "0"], ["65944.3", "0"], ["65944.44", "0"], ["65947.26", "0.00214"], ["65947.27", "0"], ["65954.06", "0"], ["65956", "0.0151"], ["65958.23", "0.091203"], ["65958.24", "0.152"], ["65958.79", "0"], ["65959.46", "0.007582"], ["65962.61", "0"], ["65963.02", "0"], ["65964.43", "0.00131"], ["65966.38", "0"], ["65966.39", "0"], ["65966.86", "0.046564"], ["65969.98", "0.02372"], ["65969.99", "0.912025"], ["65970.61", "1.52004"], ["65970.69", "0"], ["65970.7", "0"], ["65979.21", "0"], ["65999.75", "0.025584"], ["66003.15", "0.029544"], ["66005.94", "1.177651"], ["66027.1", "0"], ["66219.5", "0.1275"], ["66221", "0.001475"]], "u": 7687965, "seq": 27854411421}, "cts": 1712071459077, "_doc": "6b3cc171-8c60-4869-889f-f4192e18d66f"}, {"topic": "orderbook.200.BTCUSDC", "ts": 1712071458884, "type": "delta", "data": {"s": "BTCUSDC", "b": [["65933.4", "0.018545"], ["65931.78", "0.018545"], ["65931.66", "0.00214"], ["65929.47", "0"], ["65925.48", "0.104239"], ["65925.47", "0"], ["65925.46", "0"], ["65924", "0.0151"], ["65908.9", "0.128147"], ["65908.89", "0.125236"], ["65902.1", "0.174378"], ["65902.09", "0.121345"], ["65902.08", "0.282123"], ["65900.8", "0"], ["65900.02", "0.055035"], ["65898.77", "3.417736"], ["65896.31", "0.254688"], ["65896.3", "0"], ["65895.55", "0.424469"], ["65894.56", "0"], ["65889.07", "0"], ["65888.47", "0"], ["65885.68", "0.018251"], ["65885.67", "0.030415"], ["65884.12", "0.036413"], ["65875.6", "0.02961"], ["65800.11", "0"], ["65791.8", "0.00125"], ["65791.79", "0"], ["65739.13", "0"], ["65627.28", "0"], ["65626.65", "0"], ["65625", "0"], ["65624.85", "0"], ["65623.01", "0"], ["65620.58", "0"], ["65619.98", "0"]], "a": [["65933.12", "0"], ["65935.7", "0.018544"], ["65939.99", "0"], ["65941.82", "0"], ["65944.19", "0.018542"], ["65944.29", "0.196921"], ["65944.3", "0.00214"], ["65944.31", "0.018542"], ["65944.44", "0.047683"], ["65944.49", "0"], ["65946.03", "0"], ["65947.25", "0"], ["65952.36", "0"], ["65952.37", "0"], ["65957.68", "0"], ["65958.79", "0.079109"], ["65960.75", "0"], ["65961.95", "0.015834"], ["65962.61", "0.00131"], ["65962.77", "0"], ["65963.58", "0.455038"], ["65966.2", "0"], ["65966.21", "0"], ["65966.38", "0.014235"], ["65966.39", "0.02372"], ["65967.11", "0"], ["65970.69", "1.52004"], ["65970.7", "0.777985"], ["65970.85", "0.282123"], ["65971.16", "0.34"], ["65979.21", "0.038602"], ["65979.3", "0"], ["65980.76", "0"], ["65982.64", "0.042154"], ["65986.49", "0.076504"], ["65998.17", "0"], ["66003.16", "0.04924"], ["66027.11", "0"], ["66027.86", "0"], ["66080.66", "0"]], "u": 7687964, "seq": 27854411138}, "cts": 1712071458878, "_doc": "bc572943-4920-49ba-9bed-e3e40a5e0285"}, {"topic": "orderbook.200.BTCUSDC", "ts": 1712071458683, "type": "delta", "data": {"s": "BTCUSDC", "b": [["65929.47", "0.00214"], ["65926.3", "0"], ["65925.47", "0.179278"], ["65925.46", "0.083958"], ["65925.45", "0.007583"], ["65925.37", "0"], ["65923.21", "0.083467"], ["65922.91", "0.1275"], ["65922.8", "0"], ["65920", "0.0151"], ["65919.92", "0"], ["65913.99", "0"], ["65913.98", "0.060735"], ["65913.4", "0"], ["65908.88", "0.208713"], ["65908.03", "0.091164"], ["65907.85", "0"], ["65900.8", "0.121351"], ["65900.01", "0.076509"], ["65899.57", "0"], ["65898.43", "0"], ["65896.31", "4.456678"], ["65896.3", "0.055035"], ["65896.01", "0"], ["65892.31", "0"], ["65892.3", "0"], ["65890.3", "0"], ["65888.46", "0"], ["65880.49", "0"], ["65875.59", "0.049335"], ["65855.53", "0"], ["65854.66", "0.981576"], ["65849.6", "1.002725"], ["65845.79", "0"], ["65838.23", "0.008264"], ["65818.27", "0"], ["65682.59", "0"], ["65624.85", "0.002459"], ["65623.01", "0.000817"], ["65620.58", "0.004"], ["65619.98", "0.001694"]], "a": [["65933.04", "0"], ["65933.05", "0"], ["65933.12", "0.00005"], ["65935", "0"], ["65935.01", "0"], ["65940", "0"], ["65941.83", "0"], ["65944", "0"], ["65944.49", "0.08344"], ["65947.25", "0.455014"], ["65948.58", "0"], ["65949.42", "0"], ["65950.69", "0"], ["65952.36", "0.023253"], ["65952.39", "0"], ["65953.42", "0"], ["65953.6", "0"], ["65954.06", "0.007583"], ["65957.68", "0.0049"], ["65958.8", "0.131849"], ["65958.81", "0"], ["65958.82", "0"], ["65960.75", "0.00131"], ["65960.8", "0"], ["65960.81", "0"], ["65962.25", "0"], ["65963.02", "0.048853"], ["65966.2", "0.761776"], ["65966.21", "0.023724"], ["65967.11", "1.520106"], ["65971.24", "0"], ["65972.74", "0.423972"], ["65972.97", "0"], ["65976.94", "0.091164"], ["65979.29", "0.076502"], ["65980.76", "0.0049"], ["65986.49", "0"], ["65998.17", "0.076506"], ["65999.75", "0"], ["66040.47", "0"], ["66051.34", "0.000198"], ["66214.29", "0.0002"], ["66216.91", "0.004"], ["66217.06", "0.004"], ["66219.12", "0.000282"], ["66219.35", "0.004"], ["66219.45", "0.00037"], ["66219.96", "0.000404"], ["66220.54", "0.000262"]], "u": 7687963, "seq": 27854410606}, "cts": 1712071458679, "_doc": "49ac14c6-c484-405c-8a0d-3219c46fc37b"}, {"topic": "orderbook.200.BTCUSDC", "ts": 1712071458483, "type": "delta", "data": {"s": "BTCUSDC", "b": [["65926.3", "0.018451"], ["65925.37", "0.018452"], ["65922.8", "0.00214"], ["65922.59", "0"], ["65922.58", "0"], ["65919.92", "0.007584"], ["65913.98", "0.186839"], ["65913.23", "0"], ["65912.68", "0.1275"], ["65900.79", "0.022751"], ["65896.01", "0.121358"], ["65894.56", "0.282123"], ["65892.31", "3.41812"], ["65892.3", "0.055044"], ["65890.3", "0.716581"], ["65890.27", "0"], ["65890.26", "0"], ["65889.08", "0"], ["65887.72", "0"], ["65885.66", "0"], ["65880.45", "0"], ["65673.49", "0"], ["65624.85", "0"]], "a": [["65933.04", "0.012873"], ["65933.05", "0.01845"], ["65933.11", "0"], ["65936.83", "0"], ["65941.82", "0.054705"], ["65942.39", "0"], ["65942.45", "0"], ["65943.42", "0"], ["65948.58", "0.007584"], ["65950.74", "0"], ["65952.38", "0"], ["65953.33", "0"], ["65953.42", "0.076505"], ["65953.43", "0"], ["65958.81", "0.00131"], ["65958.82", "0.053971"], ["65960.8", "1.520106"], ["65960.81", "0.678433"], ["65960.9", "0"], ["65960.91", "0"], ["65962.25", "0.023724"], ["65962.77", "0.282123"], ["65963.3", "0"], ["65971.24", "0.038602"], ["65992.17", "0"], ["65992.18", "0"], ["65999.75", "0.025577"], ["66008.92", "0.564246"], ["66209.66", "0.000244"], ["66212.12", "0.000562"]], "u": 7687962, "seq": 27854409943}, "cts": 1712071458479, "_doc": "dca903f4-9891-4d73-85b9-ef93f796e7d5"}, {"topic": "orderbook.200.BTCUSDC", "ts": 1712071458283, "type": "delta", "data": {"s": "BTCUSDC", "b": [["65922.59", "0.00214"], ["65922.58", "0.018453"], ["65916", "0.0151"], ["65914", "0.01"], ["65913.99", "0.00214"], ["65913.98", "0.126104"], ["65913.7", "0"], ["65913.69", "0"], ["65913.4", "0.082663"], ["65907.6", "0.017773"], ["65890.27", "0.121364"], ["65890.26", "0.595537"], ["65887.72", "0.055044"], ["65887.62", "0"], ["65884.11", "0.060675"], ["65800.11", "0.0005"], ["65776.36", "0"], ["65623.01", "0"], ["65620.58", "0"], ["65619.98", "0"], ["65619", "0"], ["65616.95", "0"], ["65611.01", "0"], ["65609.7", "0"], ["65608.68", "0"]], "a": [["65926.16", "0"], ["65926.88", "0"], ["65927.34", "0"], ["65931.98", "0"], ["65933.11", "0.00214"], ["65936.83", "0.018385"], ["65939.99", "0.00214"], ["65949.45", "0"], ["65952.37", "0.038754"], ["65953.33", "0.049477"], ["65960.9", "1.520106"], ["65960.91", "0.675248"], ["65961", "0"], ["65961.01", "0"], ["65961.02", "0"], ["65963.3", "0.060676"], ["65965.35", "0"], ["65965.36", "0"], ["66206.85", "0.000779"], ["66208.24", "0.001469"]], "u": 7687961, "seq": 27854409582}, "cts": 1712071458277, "_doc": "f1477d73-da50-49f6-aa6f-7b4d37acf3a2"}, {"topic": "orderbook.200.BTCUSDC", "ts": 1712071458083, "type": "delta", "data": {"s": "BTCUSDC", "b": [["65913.7", "0.102935"], ["65913.69", "0.283992"], ["65913.49", "0.1275"], ["65913.23", "0.007584"], ["65913.22", "0"], ["65913.21", "0"], ["65912.01", "0"], ["65908.01", "0"], ["65905.55", "0.076505"], ["65900.01", "0.114464"], ["65898.43", "0.054705"], ["65895.3", "0.022294"], ["65890.26", "0.716899"], ["65890.24", "0"], ["65889.08", "3.418495"], ["65887.62", "0.055055"], ["65885.66", "0.051863"], ["65883.23", "0"], ["65882.56", "0"], ["65881.96", "0"], ["65881.21", "0.267653"], ["65880.52", "0"], ["65854.66", "0"], ["65845.79", "0.267654"], ["65838.23", "0.985215"], ["65607.04", "0"], ["65606.55", "0"]], "a": [["65926.16", "0.018366"], ["65927.34", "0.018365"], ["65931.98", "0.00214"], ["65931.99", "0"], ["65935", "0.064135"], ["65935.97", "0"], ["65935.98", "0"], ["65936", "0"], ["65936.81", "0"], ["65939.32", "0"], ["65939.33", "0"], ["65941.83", "0.091164"], ["65943.42", "0.007584"], ["65950.68", "0"], ["65952.38", "0.00131"], ["65953.42", "0.169281"], ["65953.43", "0.282123"], ["65956.19", "0"], ["65961", "1.520235"], ["65961.01", "0.701981"], ["65961.02", "1.520235"], ["65961.07", "0"], ["65961.08", "0"], ["65961.09", "0"], ["65965.35", "0.023162"], ["65968.52", "0"], ["65992.16", "0"], ["66004.88", "0.106861"], ["66029.63", "0"], ["66040.47", "0.000198"], ["66204.08", "0.1315"]], "u": 7687960, "seq": 27854409301}, "cts": 1712071458077, "_doc": "0c42224a-1ae9-4c94-b230-8436da0282ee"}, {"topic": "orderbook.200.BTCUSDC", "ts": 1712071457883, "type": "delta", "data": {"s": "BTCUSDC", "b": [["65913.22", "0.16502"], ["65913.21", "0.082664"], ["65912.01", "0.00214"], ["65912", "0.0151"], ["65911.77", "0"], ["65911.36", "0"], ["65911.35", "0"], ["65910.32", "0"], ["65908.41", "0"], ["65908.01", "0.09012"], ["65908", "0.0151"], ["65905.54", "0.1275"], ["65904.01", "0"], ["65901.67", "0"], ["65899.57", "0.206703"], ["65898.42", "0.091164"], ["65890.81", "0"], ["65890.26", "0.121368"], ["65890.25", "0"], ["65883.23", "0.055055"], ["65882.56", "3.418495"], ["65881.97", "0"], ["65881.2", "0.446085"], ["65880.7", "0.045507"], ["65880.54", "0"], ["65880.52", "0.263542"], ["65880.06", "0"], ["65878.32", "0"], ["65867.83", "0"], ["65865.44", "0"], ["65863.5", "0.267657"], ["65854.66", "0.964386"], ["65845.79", "0"], ["65838.23", "0.008264"], ["65828.08", "0"], ["65818.28", "0.001672"]], "a": [["65913.56", "0"], ["65922.26", "0"], ["65922.48", "0"], ["65922.49", "0"], ["65923.68", "0"], ["65926.86", "0"], ["65926.87", "0"], ["65929.88", "0"], ["65932", "0"], ["65932.55", "0"], ["65935.01", "0.082636"], ["65935.97", "0.007"], ["65935.98", "0.00214"], ["65935.99", "0"], ["65936.31", "0"], ["65939.76", "0"], ["65942.38", "0"], ["65942.39", "0.091201"], ["65942.4", "0"], ["65942.45", "0.152"], ["65946.04", "0"], ["65947.12", "0"], ["65947.56", "0"], ["65950.68", "0.00131"], ["65953.58", "0"], ["65953.71", "0"], ["65956.19", "0.693786"], ["65958.71", "0"], ["65961.07", "0.023726"], ["65961.08", "0.025297"], ["65962.62", "0.496397"], ["65965.36", "0.038602"], ["65968.52", "0.013373"], ["66185.52", "0.000971"], ["66185.92", "0.1275"], ["66189.51", "0.000215"], ["66191.99", "0.001889"], ["66195.64", "0.003359"], ["66197.8", "0.000757"], ["66198.22", "0.000378"], ["66200", "0.007099"], ["66204.08", "0.004"], ["66204.94", "0.001075"], ["66205.41", "0.000993"]], "u": 7687959, "seq": 27854408917}, "cts": 1712071457879, "_doc": "829c92ea-7140-4901-a414-87367ec35953"}, {"topic": "orderbook.200.BTCUSDC", "ts": 1712071457683, "type": "delta", "data": {"s": "BTCUSDC", "b": [["65911.77", "0.018294"], ["65911.36", "0.025047"], ["65911.35", "0.018294"], ["65910.32", "0.018294"], ["65910.3", "0"], ["65908.41", "0.116575"], ["65908.39", "0"], ["65907.87", "0"], ["65898.32", "0.017979"], ["65881.97", "0.121384"], ["65880.54", "0.055055"], ["65880.52", "0.729837"], ["65880.5", "0"], ["65880.06", "3.418323"], ["65879.2", "0"], ["65878.32", "0.036411"], ["65878.31", "0"], ["65875.47", "0"], ["65874.9", "0"], ["65874.29", "0"], ["65863.49", "0.446085"], ["65845.79", "0.267654"], ["65606.06", "0"], ["65603.7", "0"], ["65601.43", "0"], ["65600", "0"]], "a": [["65913.56", "0.018293"], ["65922.26", "0.036582"], ["65922.48", "0.07622"], ["65922.49", "0.047683"], ["65922.74", "0"], ["65922.85", "0"], ["65922.87", "0"], ["65922.92", "0"], ["65924.92", "0"], ["65926.86", "0.00214"], ["65926.87", "0.066849"], ["65926.92", "0"], ["65935.99", "0.091208"], ["65936.31", "0.152"], ["65939.76", "0.023134"], ["65945.89", "0"], ["65945.9", "0"], ["65946.03", "0.346389"], ["65947.56", "1.520158"], ["65961.09", "0.042154"], ["65962.62", "0.076502"], ["65968.52", "0"], ["65972.97", "0.152"], ["65992.16", "0.100688"], ["66013.76", "0"], ["66185.52", "0"], ["66185.92", "0"], ["66189.51", "0"], ["66191.99", "0"]], "u": 7687958, "seq": 27854408310}, "cts": 1712071457680, "_doc": "3bc56713-a171-4b0b-9625-3b4bb49d9a59"}, {"topic": "orderbook.200.BTCUSDC", "ts": 1712071457483, "type": "delta", "data": {"s": "BTCUSDC", "b": [["65910.3", "0.013012"], ["65908.42", "0"], ["65908.39", "0.081059"], ["65908.38", "0"], ["65908.37", "0"], ["65907.9", "0"], ["65906.62", "0"], ["65901.67", "0.082337"], ["65885.42", "0"], ["65882.65", "0"], ["65882.16", "0"], ["65882.15", "0"], ["65881.96", "0.048019"], ["65880.5", "0.263546"], ["65879.2", "3.418323"], ["65879.16", "0"], ["65875.47", "0.033038"], ["65874.9", "0.121384"], ["65874.29", "0.055052"], ["65838.23", "0.985219"], ["65776.36", "0.0005"], ["65774.95", "0"], ["65600", "0.014622"]], "a": [["65918.25", "0"], ["65919.39", "0"], ["65922.45", "0"], ["65922.74", "0.00214"], ["65922.85", "0.150041"], ["65922.87", "0.040117"], ["65923.68", "0.08231"], ["65926.85", "0"], ["65926.87", "0.066851"], ["65928.18", "0"], ["65929.88", "0.01819"], ["65931.99", "0.054707"], ["65932.55", "0.09875"], ["65937.6", "0"], ["65942.38", "0.00131"], ["65943.99", "0"], ["65945.89", "0.622861"], ["65945.9", "1.520158"], ["65945.99", "0"], ["65946", "0"], ["65957.53", "0"], ["65958.12", "0"], ["65958.13", "0"], ["65962.62", "0"], ["65968.52", "0.013372"], ["66185.92", "0.1275"], ["66189.51", "0.000215"], ["66191.99", "0.001889"]], "u": 7687957, "seq": 27854408001}, "cts": 1712071457479, "_doc": "5059624c-055f-4216-a278-0a491bd3e191"}, {"topic": "orderbook.200.BTCUSDC", "ts": 1712071457283, "type": "delta", "data": {"s": "BTCUSDC", "b": [["65908.42", "0.081769"], ["65908.38", "0.176833"], ["65907.9", "0.081938"], ["65907.86", "0"], ["65904.01", "0.00214"], ["65901.24", "0.000902"], ["65882.65", "0.121379"], ["65882.62", "0"], ["65882.61", "0"], ["65882.16", "0.667717"], ["65882.15", "3.418323"], ["65880.53", "0.007"], ["65879.16", "0.055052"], ["65879.15", "0"], ["65878.31", "0.060681"], ["65600", "0"], ["65599.92", "0"], ["65596.42", "0"], ["65584.56", "0"], ["65583.32", "0"], ["65578.94", "0"]], "a": [["65918.25", "0.018292"], ["65919.39", "0.00214"], ["65922.45", "0.00214"], ["65922.92", "0.005"], ["65922.93", "0"], ["65924.92", "0.005"], ["65926.85", "0.047683"], ["65926.87", "0.107636"], ["65926.92", "0.005"], ["65928.18", "0.081913"], ["65936.8", "0"], ["65941.37", "0"], ["65944.88", "0"], ["65945.7", "0"], ["65945.99", "0.664437"], ["65946", "1.520158"], ["65949.41", "0"], ["65952.38", "0"], ["65953.58", "0.023726"], ["66029.23", "0"], ["66029.63", "0.000198"], ["66185.92", "0"], ["66189.51", "0"], ["66191.99", "0"], ["66195.64", "0"]], "u": 7687956, "seq": 27854407598}, "cts": 1712071457273, "_doc": "122516f3-ee41-484b-9e99-e7e820a2dbde"}, {"topic": "orderbook.200.BTCUSDC", "ts": 1712071457083, "type": "delta", "data": {"s": "BTCUSDC", "b": [["65908.37", "0.1275"], ["65907.87", "0.007585"], ["65907.86", "0.399619"], ["65907.85", "0.1275"], ["65906.62", "0.01296"], ["65905.82", "0"], ["65904", "0.0151"], ["65900.13", "0"], ["65900.12", "0"], ["65900.01", "0.076509"], ["65899.98", "0"], ["65898.82", "0"], ["65898.76", "0.1275"], ["65895.09", "0"], ["65894.26", "0"], ["65890.81", "0.204899"], ["65890.25", "0.079294"], ["65890.24", "0.018483"], ["65889.08", "0"], ["65885.42", "0.047863"], ["65882.62", "0.631228"], ["65882.61", "3.41873"], ["65880.53", "0.128381"], ["65880.52", "0"], ["65880.12", "0"], ["65879.15", "0.055057"], ["65872.61", "0"], ["65872.6", "0"], ["65872.58", "0"], ["65872.23", "0.076501"], ["65869.28", "0"], ["65869.27", "0"], ["65869.15", "0"], ["65865.44", "0.076502"], ["65577.28", "0"]], "a": [["65917.98", "0"], ["65918.1", "0"], ["65918.8", "0"], ["65918.81", "0"], ["65922.93", "0.00214"], ["65923.09", "0"], ["65923.1", "0"], ["65924", "0"], ["65925.59", "0"], ["65925.6", "0"], ["65925.7", "0"], ["65925.74", "0"], ["65926.87", "0.066851"], ["65927.13", "0"], ["65932.55", "0.091164"], ["65935.03", "0"], ["65935.04", "0"], ["65935.05", "0"], ["65936.8", "0.013815"], ["65937.6", "0.007585"], ["65939.32", "0.017674"], ["65939.33", "0.029457"], ["65939.34", "0"], ["65941.35", "0"], ["65941.36", "0"], ["65942.19", "0"], ["65942.39", "0.251856"], ["65943.99", "0.00131"], ["65944.85", "0"], ["65945.7", "0.622548"], ["65946.86", "0"], ["65946.88", "0"], ["65949.41", "1.037575"], ["65950.69", "0.41625"], ["65952.38", "0.023726"], ["65957.28", "0"], ["65957.53", "0.042154"], ["65958.12", "0.023167"], ["65958.13", "0.038602"], ["65972.97", "0"], ["66180.59", "0.000626"], ["66184.28", "0.0002"], ["66185", "0.015926"], ["66185.52", "0.000971"], ["66185.92", "0.1275"], ["66189.51", "0.000215"], ["66191.99", "0.001889"], ["66195.64", "0.003359"]], "u": 7687955, "seq": 27854407197}, "cts": 1712071457077, "_doc": "ab24039d-c836-4d39-aac5-c59754b9e6cb"}, {"topic": "orderbook.200.BTCUSDC", "ts": 1712071456883, "type": "delta", "data": {"s": "BTCUSDC", "b": [["65905.82", "0.018209"], ["65900.13", "0.143795"], ["65900.12", "0.1275"], ["65900", "0.0151"], ["65899.98", "0.1275"], ["65898.82", "0.1275"], ["65898.64", "0"], ["65898.54", "0"], ["65898.53", "0"], ["65879.88", "0.023125"], ["65874.9", "0"], ["65872.61", "0.055122"], ["65872.6", "0.072837"], ["65872.58", "0.121395"], ["65872.57", "0"], ["65872.56", "0"], ["65869.28", "3.41873"], ["65869.27", "0.597718"], ["65869.18", "0"], ["65869.17", "0"], ["65799.98", "0"], ["65774.95", "0.0005"], ["65576.06", "0"], ["65575.77", "0"], ["65575.08", "0"], ["65572.81", "0"]], "a": [["65908.42", "0"], ["65909.65", "0"], ["65912.88", "0"], ["65917.98", "0.022511"], ["65918.1", "0.002139"], ["65918.51", "0"], ["65918.52", "0"], ["65918.53", "0"], ["65918.8", "0.049162"], ["65918.81", "0.081925"], ["65920", "0"], ["65931.87", "0"], ["65935.03", "0.001311"], ["65935.04", "0.013882"], ["65939.32", "0"], ["65939.33", "0"], ["65941.35", "0.622631"], ["65941.36", "1.037705"], ["65942.18", "0"], ["65944.85", "0.023727"], ["65957.28", "0.038602"], ["65962.62", "0.076501"], ["65968.52", "0"], ["66177.85", "0.1275"]], "u": 7687954, "seq": 27854406538}, "cts": 1712071456876, "_doc": "87ecfa1e-1f5c-416e-98e8-a68edd9cfd61"}, {"topic": "orderbook.200.BTCUSDC", "ts": 1712071456683, "type": "delta", "data": {"s": "BTCUSDC", "b": [["65902.81", "0"], ["65898.64", "0.018361"], ["65898.54", "0.198304"], ["65898.53", "0.110466"], ["65896.53", "0"], ["65896", "0.0151"], ["65895.09", "0.007587"], ["65894.26", "0.082634"], ["65890.31", "0"], ["65889.89", "0"], ["65889.49", "0"], ["65889.08", "0.079296"], ["65880.53", "0.007"], ["65874.9", "0.121396"], ["65872.57", "0.055122"], ["65872.56", "0.033077"], ["65872.23", "0"], ["65870.29", "0"], ["65869.18", "3.419115"], ["65865.46", "0"], ["65865.45", "0"], ["65571.8", "0"], ["65571.43", "0"], ["65571.42", "0"]], "a": [["65906.54", "0"], ["65907.29", "0"], ["65908.42", "0.018359"], ["65909.65", "0.018358"], ["65912.88", "0.002139"], ["65912.99", "0"], ["65913", "0"], ["65913.01", "0"], ["65913.8", "0"], ["65916", "0"], ["65917.2", "0"], ["65918.51", "0.080593"], ["65918.52", "0.002139"], ["65918.53", "0.082604"], ["65918.82", "0"], ["65923.09", "0.002139"], ["65923.1", "0.007587"], ["65931.88", "0"], ["65932.2", "0"], ["65935.04", "0"], ["65935.94", "0"], ["65939.32", "0.622614"], ["65939.33", "1.037677"], ["65942.18", "0.023728"], ["65942.2", "0"], ["65956.25", "0"], ["65968.52", "0.013375"], ["66028.71", "0"], ["66029.23", "0.000198"], ["66174.82", "0.004"], ["66175", "0.001027"], ["66175.42", "0.001018"], ["66176.38", "0.000552"]], "u": 7687953, "seq": 27854406132}, "cts": 1712071456677, "_doc": "683e4f2b-569a-488f-b8bf-2f3d0b62fe1f"}, {"topic": "orderbook.200.BTCUSDC", "ts": 1712071456483, "type": "delta", "data": {"s": "BTCUSDC", "b": [["65902.81", "0.01836"], ["65902.08", "0"], ["65896.53", "0.001"], ["65890.31", "0.018451"], ["65870.29", "0.055124"], ["65867.28", "0"], ["65865.48", "0"], ["65865.47", "0"], ["65865.46", "3.419115"], ["65865.45", "0.62833"], ["65569.5", "0"], ["65568.95", "0"]], "a": [["65906.54", "0.018359"], ["65907.29", "0.018359"], ["65912.99", "0.002139"], ["65913", "0.095374"], ["65913.01", "0.0742"], ["65913.08", "0"], ["65913.17", "0"], ["65913.2", "0"], ["65913.8", "0.082609"], ["65925.7", "0.152"], ["65931.89", "0"], ["65942.19", "0.25186"], ["65942.21", "0"], ["65956.25", "0.157952"], ["65956.26", "0"], ["65968.52", "0.013371"], ["66027.1", "0.090617"], ["66174.82", "0"], ["66175", "0"], ["66175.42", "0"], ["66176.38", "0"]], "u": 7687952, "seq": 27854405840}, "cts": 1712071456476, "_doc": "e4716bfe-e83c-4db5-a5ca-e95a4736cc73"}, {"topic": "orderbook.200.BTCUSDC", "ts": 1712071456283, "type": "delta", "data": {"s": "BTCUSDC", "b": [["65902.08", "0.018361"], ["65895.27", "0"], ["65895.11", "0"], ["65895.1", "0"], ["65894.51", "0.258639"], ["65889.91", "0"], ["65889.89", "0.082639"], ["65889.49", "0.007587"], ["65872.23", "0.121399"], ["65870.29", "0"], ["65867.97", "0"], ["65867.96", "0"], ["65867.28", "0.055122"], ["65865.48", "0.626954"], ["65865.47", "3.419115"], ["65865.44", "0"], ["65847.75", "0"], ["65818.27", "0.992758"], ["65568.95", "0.000321"]], "a": [["65908.99", "0"], ["65913.08", "0.075999"], ["65913.17", "0.047683"], ["65913.2", "0.0136"], ["65913.34", "0"], ["65913.43", "0"], ["65913.52", "0"], ["65917.2", "0.007587"], ["65918.82", "0.002139"], ["65918.84", "0"], ["65918.85", "0"], ["65919.99", "0"], ["65925.59", "0.123892"], ["65925.6", "0.206487"], ["65925.74", "0.091164"], ["65926.72", "0"], ["65931.88", "0.091206"], ["65933.97", "0"], ["65934.26", "0"], ["65934.27", "0"], ["65935.04", "0.622608"], ["65935.94", "1.037677"], ["65935.95", "0"], ["65939.27", "0"], ["65941.37", "0.018575"], ["65942.2", "0.023728"], ["65942.22", "0"], ["65942.4", "0.419751"], ["65946.85", "0"], ["65953.6", "0.091164"], ["65956.26", "0.26324"], ["65956.27", "0"], ["65957.5", "0"], ["65968.52", "0.01337"], ["66027.11", "0.151024"]], "u": 7687951, "seq": 27854405579}, "cts": 1712071456280, "_doc": "8c95c885-35f5-4430-be70-a92c2a3d7811"}, {"topic": "orderbook.200.BTCUSDC", "ts": 1712071456083, "type": "delta", "data": {"s": "BTCUSDC", "b": [["65904.9", "0"], ["65898.62", "0"], ["65895.11", "0.165668"], ["65894.51", "0"], ["65889.91", "0.079301"], ["65889.9", "0"], ["65889.07", "0.132157"], ["65888.47", "0.0547"], ["65886.34", "0"], ["65882.94", "0"], ["65880.45", "0.282123"], ["65877.9", "0"], ["65877.89", "0"], ["65874.89", "0.015837"], ["65872.57", "0"], ["65872.23", "0.121396"], ["65867.97", "0.511056"], ["65867.96", "3.419161"], ["65867.89", "0"], ["65867.88", "0"], ["65863.27", "0"], ["65860.49", "0.669768"], ["65860.48", "0.024683"], ["65859.67", "0"], ["65828.71", "0"], ["65799.98", "0.0005"], ["65757.23", "0.446085"], ["65571.42", "0.001881"], ["65569.5", "0.000198"]], "a": [["65907.58", "0"], ["65908.99", "0.018573"], ["65913.34", "0.037144"], ["65913.43", "0.002139"], ["65913.52", "0.062708"], ["65913.55", "0"], ["65914.49", "0"], ["65914.5", "0"], ["65918.84", "0.052285"], ["65918.85", "0.08357"], ["65927.13", "0.017939"], ["65931.87", "0.001311"], ["65931.88", "0"], ["65932.2", "0.1275"], ["65935.95", "0.001"], ["65935.99", "0"], ["65939.27", "1.660393"], ["65939.33", "0"], ["65939.98", "0"], ["65942.21", "0.054698"], ["65949.45", "0.047286"], ["65953.73", "0"], ["65966.52", "0"], ["65966.53", "0"], ["65968.52", "0.013372"], ["65971.29", "0"], ["65972.22", "0.091205"], ["65979.3", "0.049257"], ["65986.49", "0.076509"], ["65992.17", "0.338551"], ["65998.17", "0"], ["65999.75", "0.025575"], ["66010.54", "0.977423"], ["66013.77", "0"], ["66023.21", "0.076506"], ["66050.45", "0"], ["66080.66", "0.002019"], ["66177.85", "0"], ["66180.59", "0"], ["66184.28", "0"], ["66185", "0"], ["66185.52", "0"]], "u": 7687950, "seq": 27854405112}, "cts": 1712071456079, "_doc": "429aa920-9051-497e-aff2-b82f330f878c"}, {"topic": "orderbook.200.BTCUSDC", "ts": 1712071455883, "type": "delta", "data": {"s": "BTCUSDC", "b": [["65904.9", "0.018575"], ["65899.89", "0"], ["65899.88", "0"], ["65898.62", "0.018576"], ["65898.53", "0"], ["65898.52", "0"], ["65895.1", "0.084646"], ["65889.9", "0.132157"], ["65889.89", "0"], ["65886.83", "0"], ["65886.34", "0.0049"], ["65880.12", "0.048588"], ["65878.45", "0"], ["65878.14", "0"], ["65876.63", "0"], ["65874.36", "0"], ["65872.57", "0.121395"], ["65872.55", "0"], ["65872.23", "0"], ["65872.06", "0"], ["65870.29", "0.055122"], ["65869.17", "0.25828"], ["65869.16", "0"], ["65867.89", "0.597271"], ["65867.88", "3.419161"], ["65865.44", "0.076507"], ["65863.27", "0.0049"], ["65859.67", "0.840899"], ["65855.53", "0.04935"], ["65838.23", "0.008264"], ["65828.08", "0.001672"], ["65739.13", "0.002019"], ["65571.42", "0"], ["65569.5", "0"]], "a": [["65907.58", "0.018574"], ["65910.1", "0"], ["65913.62", "0"], ["65913.64", "0"], ["65914.49", "0.050544"], ["65914.5", "0.084232"], ["65918.45", "0"], ["65918.46", "0"], ["65919.99", "0.002139"], ["65920", "0.0151"], ["65927.4", "0"], ["65931.88", "0.028142"], ["65935.05", "0.023134"], ["65935.99", "0.001311"], ["65941.02", "0"], ["65942.19", "0"], ["65942.2", "0"], ["65942.21", "1.092438"], ["65946.04", "0.282123"], ["65946.85", "0.02373"], ["65946.86", "0.076505"], ["65946.87", "0"], ["65947.25", "0.577308"], ["65952", "0"], ["65954.02", "0"], ["65956.28", "0"], ["65961.01", "0"], ["65961.02", "0"], ["65962.2", "0"], ["65966.52", "0.023651"], ["65968.52", "0"], ["65971.3", "0"], ["65992.18", "0.564246"], ["66009.96", "0"], ["66010.55", "1.629031"], ["66046.7", "0.6"], ["66114.76", "0"], ["66177.85", "0.1275"], ["66180.59", "0.000626"], ["66184.28", "0.0002"], ["66185", "0.015926"], ["66185.52", "0.000971"]], "u": 7687949, "seq": 27854404767}, "cts": 1712071455880, "_doc": "caf6466d-605d-4da9-b743-dcdc1e1dfb55"}, {"topic": "orderbook.200.BTCUSDC", "ts": 1712071455683, "type": "delta", "data": {"s": "BTCUSDC", "b": [["65904.68", "0"], ["65904.49", "0"], ["65904.48", "0"], ["65900.92", "0"], ["65900.91", "0"], ["65900.73", "0"], ["65899.89", "0.050792"], ["65899.88", "0.08464"], ["65898.74", "0"], ["65898.53", "0.072901"], ["65895.27", "0.007586"], ["65894.51", "0.273008"], ["65888.99", "0"], ["65888.47", "0.054702"], ["65888.46", "0.091164"], ["65886.84", "0"], ["65880.53", "0"], ["65879.13", "0"], ["65874.36", "0.121392"], ["65874.3", "0"], ["65874.29", "0"], ["65872.55", "0.033119"], ["65872.23", "0.671882"], ["65872.06", "3.41895"], ["65869.16", "0.055122"], ["65869.15", "0.430456"], ["65791.79", "0.001009"], ["65569.5", "0.000198"]], "a": [["65910.1", "0.002139"], ["65913.55", "0.002139"], ["65913.62", "0.002139"], ["65913.64", "0.047683"], ["65916", "0.0151"], ["65918.45", "0.052059"], ["65918.46", "0.084616"], ["65919.24", "0"], ["65919.25", "0"], ["65923.36", "0"], ["65923.37", "0"], ["65923.38", "0"], ["65933.97", "0.091164"], ["65942.19", "0.622647"], ["65942.2", "1.037742"], ["65942.21", "0"], ["65943.59", "0"], ["65943.91", "0"], ["65946.87", "0.023728"], ["65947.06", "0"], ["65947.07", "0"], ["65950.46", "0"], ["65953.73", "0.052524"], ["65956", "0"], ["65957.93", "0"], ["65961.01", "0.013359"], ["65971.22", "0"], ["65975.14", "0"], ["65985.91", "0"], ["65998.17", "0.076508"], ["65999.75", "0"], ["66027.86", "0.001009"], ["66175.42", "0.001018"], ["66176.38", "0.000552"]], "u": 7687948, "seq": 27854404321}, "cts": 1712071455680, "_doc": "64f5efb5-17bb-41e7-94b7-09abd28c1016"}, {"topic": "orderbook.200.BTCUSDC", "ts": 1712071455483, "type": "delta", "data": {"s": "BTCUSDC", "b": [["65910.61", "0"], ["65904.68", "0.018807"], ["65898.74", "0.018225"], ["65898.53", "0.0729"], ["65896.5", "0"], ["65896.49", "0"], ["65880.53", "0.121384"], ["65874.3", "3.418796"], ["65874.29", "0.708538"], ["65874.2", "0"], ["65874.19", "0"], ["65673.49", "0.1275"], ["65569.5", "0"]], "a": [["65915.6", "0"], ["65919.24", "0.047947"], ["65919.25", "0.0878"], ["65919.26", "0"], ["65919.27", "0"], ["65919.29", "0"], ["65923.37", "0.051817"], ["65931.89", "0.152"], ["65939.33", "0.076502"], ["65939.99", "0"], ["65941.03", "0"], ["65942.21", "0.054701"], ["65950.46", "0.023728"], ["65951.99", "0"], ["65952.39", "0.015836"], ["65966.52", "0"], ["65968.52", "0.013372"], ["65980.31", "0"]], "u": 7687947, "seq": 27854403770}, "cts": 1712071455479, "_doc": "9d23feb4-c62f-45c3-9ab8-9e38ea016b7f"}, {"topic": "orderbook.200.BTCUSDC", "ts": 1712071455283, "type": "delta", "data": {"s": "BTCUSDC", "b": [["65910.85", "0"], ["65910.61", "0.018805"], ["65908.43", "0"], ["65904.49", "0.051825"], ["65900.92", "0.054705"], ["65894.51", "0.273009"], ["65894.5", "0.455014"], ["65890.21", "0"], ["65886.84", "0.013656"], ["65880.53", "0.121383"], ["65874.2", "3.418796"], ["65874.19", "0.739318"], ["65874.11", "0"], ["65874.1", "0"], ["65828.71", "0.00125"], ["65802.03", "0"], ["65568.95", "0"]], "a": [["65915.6", "0.002139"], ["65915.81", "0"], ["65916.28", "0"], ["65919.26", "0.002139"], ["65919.27", "0.043905"], ["65919.29", "0.0878"], ["65919.31", "0"], ["65919.32", "0"], ["65923.37", "0"], ["65927.4", "0.007586"], ["65933.32", "0"], ["65947.06", "0.622629"], ["65947.07", "1.037701"], ["65947.09", "0"], ["65947.26", "0"], ["65957.93", "0.04944"], ["65962.2", "0.076505"], ["65962.21", "0"], ["65962.62", "0"], ["65966.52", "0.023653"], ["65968.52", "0"], ["66028.71", "0.000198"], ["66032.01", "0"], ["66175", "0.001027"]], "u": 7687946, "seq": 27854403422}, "cts": 1712071455280, "_doc": "e73c8120-a1d6-4fd0-854d-e1c3aaa4705f"}, {"topic": "orderbook.200.BTCUSDC", "ts": 1712071455082, "type": "delta", "data": {"s": "BTCUSDC", "b": [["65910.93", "0"], ["65910.85", "0.018805"], ["65909.01", "0"], ["65898.18", "0"], ["65898.17", "0"], ["65896.5", "0.076506"], ["65889.89", "0.282123"], ["65888.44", "0"], ["65886.84", "0.013654"], ["65882.96", "0"], ["65880.53", "0.121384"], ["65879.13", "0.055188"], ["65874.11", "0.928791"], ["65874.1", "3.418555"], ["65874.01", "0"], ["65874", "0"], ["65872.23", "0"], ["65867.83", "0.091164"], ["65569.5", "0.000198"], ["65568.95", "0.000321"]], "a": [["65915.81", "0.026517"], ["65916.28", "0.018804"], ["65919.31", "0.012327"], ["65919.32", "0.002139"], ["65919.51", "0"], ["65919.52", "0"], ["65919.53", "0"], ["65923.36", "0.002139"], ["65931.99", "0"], ["65943.91", "0.001"], ["65947.26", "1.037701"], ["65949.42", "0.013913"], ["65954.02", "0.282123"], ["65962.21", "0.053526"], ["65963.81", "0"], ["65965.56", "0"], ["66001.38", "0"], ["66013.76", "0.105401"], ["66030.38", "0"], ["66175", "0"], ["66175.42", "0"]], "u": 7687945, "seq": 27854403136}, "cts": 1712071455079, "_doc": "1ece7649-1a69-4d9a-b06c-8751811b1a6f"}, {"topic": "orderbook.200.BTCUSDC", "ts": 1712071454883, "type": "delta", "data": {"s": "BTCUSDC", "b": [["65915.15", "0"], ["65914.99", "0"], ["65911.82", "0"], ["65910.93", "0.018805"], ["65910.77", "0"], ["65910.59", "0"], ["65909.01", "0.037612"], ["65908.55", "0"], ["65905.73", "0"], ["65904.49", "0.051826"], ["65904.48", "0.086375"], ["65904", "0"], ["65903.13", "0"], ["65900.92", "0"], ["65900.73", "0.007586"], ["65898.31", "0"], ["65894.39", "0"], ["65894.16", "0"], ["65894.15", "0"], ["65889.07", "0"], ["65888.99", "0.214601"], ["65886.96", "0"], ["65886.84", "0.013655"], ["65885.54", "0"], ["65885.53", "0"], ["65882.96", "0.072829"], ["65880.53", "0.121382"], ["65880.52", "0.263546"], ["65880.5", "0"], ["65876.64", "0"], ["65874.01", "0.879549"], ["65874", "3.418555"], ["65872.23", "0.076507"], ["65872.22", "0.1275"], ["65865.44", "0"], ["65863.49", "0"], ["65838.23", "0.009935"], ["65577.28", "0.001657"], ["65576.06", "0.000209"], ["65575.77", "0.004"], ["65575.08", "0.004"], ["65572.81", "0.000947"], ["65571.8", "0.000557"], ["65571.43", "0.0002"], ["65571.42", "0.001881"]], "a": [["65919.51", "0.047683"], ["65919.52", "0.002139"], ["65919.53", "0.040117"], ["65920.97", "0"], ["65923.37", "0.051814"], ["65923.38", "0.08635"], ["65924", "0.0151"], ["65926.47", "0"], ["65926.58", "0"], ["65926.72", "0.066852"], ["65927.19", "0"], ["65933.32", "0.007586"], ["65934.26", "0.128679"], ["65934.27", "0.214453"], ["65935.99", "0"], ["65938.52", "0"], ["65939.34", "0.1275"], ["65941.02", "0.00131"], ["65942.27", "0"], ["65942.28", "0"], ["65948.57", "0"], ["65949.42", "1.66033"], ["65950.53", "0"], ["65950.73", "0"], ["65951.99", "0.023727"], ["65953.71", "0.076509"], ["65953.76", "0"], ["65953.77", "0"], ["65955.92", "0"], ["65956.22", "0"], ["65956.27", "0.263232"], ["65960", "0"], ["65965.56", "0.052004"], ["65969.52", "0"], ["65979.3", "0.125759"], ["66001.39", "0"], ["66175", "0.001027"], ["66175.42", "0.001018"]], "u": 7687944, "seq": 27854402874}, "cts": 1712071454880, "_doc": "69b8c677-52e7-40ba-a9e2-75353b117b6d"}, {"topic": "orderbook.200.BTCUSDC", "ts": 1712071454683, "type": "delta", "data": {"s": "BTCUSDC", "b": [["65917.09", "0"], ["65915.26", "0"], ["65915.15", "0.019191"], ["65911.83", "0"], ["65904.57", "0"], ["65904.01", "0"], ["65900.92", "0.054704"], ["65894.38", "0"], ["65894.37", "0"], ["65894.16", "0.013577"], ["65894.15", "0.022622"], ["65889.07", "0.12137"], ["65886.96", "0.013656"], ["65886.94", "0"], ["65886.93", "0"], ["65876.64", "3.418578"], ["65863.49", "0.446085"], ["65802.03", "0.0005"], ["65792.66", "0"], ["65583.32", "0.00118"], ["65578.94", "0.000678"]], "a": [["65919.47", "0"], ["65920.97", "0.019189"], ["65926.47", "0.076339"], ["65926.58", "0.0136"], ["65926.63", "0"], ["65926.72", "0.12595"], ["65926.73", "0"], ["65926.74", "0"], ["65926.79", "0"], ["65927.19", "0.086345"], ["65931.99", "0.002139"], ["65935.99", "0.002139"], ["65950.35", "0"], ["65950.36", "0"], ["65950.73", "0.01391"], ["65953.76", "1.037705"], ["65953.77", "0.076505"], ["65956.22", "0.62263"], ["65956.27", "0"], ["65969.52", "0.050687"], ["65974.08", "0"], ["66032.01", "0.000198"], ["66037.94", "0"], ["66175", "0"], ["66175.42", "0"]], "u": 7687943, "seq": 27854402408}, "cts": 1712071454677, "_doc": "23e403aa-eb23-44f0-bea6-c6652dda40ce"}, {"topic": "orderbook.200.BTCUSDC", "ts": 1712071454483, "type": "delta", "data": {"s": "BTCUSDC", "b": [["65917.09", "0.01919"], ["65915.26", "0.019191"], ["65904.57", "0.018309"], ["65904.01", "0.078645"], ["65900.92", "0"], ["65886.94", "0.072827"], ["65886.93", "0.121373"], ["65886.9", "0"], ["65886.89", "0"], ["65885.54", "0.033132"], ["65885.53", "0.055211"], ["65583.32", "0"], ["65578.94", "0"], ["65577.28", "0"]], "a": [["65919.34", "0"], ["65919.47", "0.01919"], ["65920.16", "0"], ["65920.49", "0"], ["65926.63", "0.019188"], ["65926.72", "0.002139"], ["65926.73", "0.040117"], ["65926.74", "0.12104"], ["65926.79", "0.047683"], ["65926.8", "0"], ["65926.81", "0"], ["65926.85", "0"], ["65926.88", "0.111406"], ["65936.81", "0.018178"], ["65939.98", "0.033097"], ["65950.35", "0.622628"], ["65950.36", "1.037705"], ["65950.45", "0"], ["65950.46", "0"], ["65965.73", "0"], ["66176.38", "0"], ["66177.85", "0"]], "u": 7687942, "seq": 27854402169}, "cts": 1712071454479, "_doc": "880c6888-984b-47a8-9054-cf26e527d82a"}, {"topic": "orderbook.200.BTCUSDC", "ts": 1712071454283, "type": "delta", "data": {"s": "BTCUSDC", "b": [["65908.55", "0.169183"], ["65894.39", "0.007"], ["65894.38", "0.013934"], ["65894.37", "0.023211"], ["65886.9", "0.072825"], ["65886.89", "0.121373"], ["65886.86", "0"], ["65886.85", "0"], ["65885.53", "0.088341"], ["65883.22", "0"], ["65883.21", "0"], ["65878.45", "0.031237"], ["65847.76", "0"], ["65838.23", "0.986887"], ["65576.06", "0"], ["65575.77", "0"]], "a": [["65919.34", "0.01919"], ["65920.16", "0.019189"], ["65920.49", "0.019189"], ["65921.1", "0"], ["65921.11", "0"], ["65926.8", "0.002139"], ["65926.81", "0.051815"], ["65926.82", "0"], ["65926.83", "0"], ["65926.84", "0"], ["65939.99", "0.091205"], ["65941.03", "0.152"], ["65947.1", "0"], ["65950.45", "0.622627"], ["65950.46", "1.037705"], ["65950.53", "0.00131"], ["65950.54", "0"], ["65951.13", "0"], ["65953.79", "0"], ["65953.8", "0"], ["65956.27", "0.263235"], ["65971.22", "0.091164"], ["66180.59", "0"]], "u": 7687941, "seq": 27854401953}, "cts": 1712071454278, "_doc": "982a7684-3df2-4177-a5d6-4c1912ccf313"}, {"topic": "orderbook.200.BTCUSDC", "ts": 1712071454083, "type": "delta", "data": {"s": "BTCUSDC", "b": [["65919.44", "0"], ["65918.71", "0"], ["65915.08", "0"], ["65915", "0"], ["65911.83", "0.002139"], ["65910.77", "0.001"], ["65909.84", "0"], ["65905.18", "0"], ["65904.01", "0.002139"], ["65900.92", "0.054705"], ["65895.3", "0"], ["65895.29", "0"], ["65890.22", "0"], ["65887.83", "0"], ["65886.86", "0.072824"], ["65886.85", "0.121372"], ["65886.84", "0"], ["65883.22", "0.055209"], ["65883.21", "0.03313"], ["65880.5", "0.263544"], ["65880.3", "0"], ["65876.64", "3.41844"], ["65865.44", "0.076509"], ["65863.5", "0"], ["65863.49", "0"], ["65838.23", "0.985216"], ["65578.94", "0.000678"], ["65577.28", "0.001657"], ["65576.06", "0.000209"], ["65575.77", "0.004"]], "a": [["65921.1", "0.002139"], ["65921.11", "0.019189"], ["65922.66", "0"], ["65923.11", "0"], ["65926.82", "0.047683"], ["65926.83", "0.002139"], ["65926.84", "0.051809"], ["65926.85", "0.086345"], ["65930.21", "0"], ["65930.22", "0"], ["65930.45", "0"], ["65932", "0.0151"], ["65948.57", "0.001"], ["65953.79", "1.037663"], ["65953.8", "0.622604"], ["65953.89", "0"], ["65954.05", "0"], ["65956.25", "0"], ["66184.28", "0"], ["66185", "0"]], "u": 7687940, "seq": 27854401638}, "cts": 1712071454079, "_doc": "dc9f2412-e1fb-4ac2-82cf-a96d327106d1"}, {"topic": "orderbook.200.BTCUSDC", "ts": 1712071453883, "type": "delta", "data": {"s": "BTCUSDC", "b": [["65919.44", "0.01919"], ["65918.8", "0"], ["65918.71", "0.01919"], ["65917.65", "0"], ["65915.08", "0.002139"], ["65912.03", "0"], ["65908.85", "0"], ["65887.83", "0.055209"], ["65883.15", "0"], ["65883.14", "0"], ["65880.5", "0.923654"], ["65880.3", "3.41844"], ["65880.04", "0"], ["65879.13", "0"], ["65792.66", "0.00125"], ["65772.07", "0"], ["65584.56", "0.000227"], ["65583.32", "0.00118"]], "a": [["65922.05", "0"], ["65922.66", "0.019189"], ["65923.11", "0.019189"], ["65930.21", "0.002139"], ["65930.22", "0.077166"], ["65930.41", "0"], ["65930.44", "0"], ["65947.85", "0"], ["65950.74", "0.023182"], ["65953.88", "0"], ["65953.89", "1.037663"], ["65954.05", "0.0765"], ["65956.25", "0.622607"], ["65956.27", "0"], ["66037.94", "0.000198"], ["66047.44", "0"], ["66185.52", "0"]], "u": 7687939, "seq": 27854401396}, "cts": 1712071453872, "_doc": "f8c77750-2a56-41b4-a158-8745d6d4fd7e"}, {"topic": "orderbook.200.BTCUSDC", "ts": 1712071453683, "type": "delta", "data": {"s": "BTCUSDC", "b": [["65918.8", "0.01919"], ["65917.65", "0.01919"], ["65915.78", "0"], ["65915", "0.002139"], ["65905.18", "0.017874"], ["65900.92", "0"], ["65898.31", "0.215958"], ["65895.3", "0.013919"], ["65895.29", "0.023186"], ["65890.22", "0.121368"], ["65888.47", "0"], ["65886.84", "0.013659"], ["65883.15", "0.055209"], ["65883.14", "0.033131"], ["65883.05", "0"], ["65838.23", "0.008264"], ["65828.71", "0"], ["65584.56", "0"], ["65583.32", "0"], ["65578.94", "0"], ["65577.28", "0"], ["65576.06", "0"], ["65575.77", "0"], ["65575.08", "0"]], "a": [["65922.05", "0.019189"], ["65927.07", "0"], ["65927.08", "0"], ["65930.41", "0.002139"], ["65930.44", "0.051813"], ["65930.45", "0.086341"], ["65933.09", "0"], ["65953.88", "1.037676"], ["65953.89", "0.622611"], ["65953.97", "0"], ["65972.74", "0"], ["66114.65", "0.018203"], ["66157.55", "0"], ["66185.92", "0"]], "u": 7687938, "seq": 27854401214}, "cts": 1712071453675, "_doc": "bab0c053-745e-48c6-aaf2-877e2a21a397"}, {"topic": "orderbook.200.BTCUSDC", "ts": 1712071453483, "type": "delta", "data": {"s": "BTCUSDC", "b": [["65915.78", "0.002139"], ["65915.3", "0"], ["65912.03", "0.002139"], ["65912.01", "0"], ["65912", "0"], ["65908.85", "0.001"], ["65908.54", "0"], ["65908.44", "0"], ["65900.92", "0.054698"], ["65900.91", "0.091164"], ["65898.52", "0.121487"], ["65890.21", "0.076501"], ["65890.04", "0"], ["65889.07", "0"], ["65888.47", "0.12137"], ["65888.45", "0"], ["65883.05", "0.055205"], ["65882.98", "0"], ["65882.97", "0"], ["65863.5", "0.267653"], ["65863.49", "0.446085"]], "a": [["65927.07", "0.015918"], ["65927.08", "0.040117"], ["65927.12", "0"], ["65927.13", "0"], ["65927.14", "0"], ["65942.22", "0.091164"], ["65947.09", "0.091203"], ["65947.85", "0.001"], ["65953.97", "0.622615"], ["65954.05", "0"], ["65955.92", "0.023729"], ["65955.94", "0"], ["65955.95", "0"], ["65955.96", "0"], ["65956.27", "0.263239"], ["65959.08", "0"], ["65959.99", "0"], ["65977.47", "0"], ["66185.52", "0.000971"], ["66185.92", "0.1275"]], "u": 7687937, "seq": 27854400954}, "cts": 1712071453478, "_doc": "26f75032-5e26-45fa-9a63-fb559fd36333"}, {"topic": "orderbook.200.BTCUSDC", "ts": 1712071453283, "type": "delta", "data": {"s": "BTCUSDC", "b": [["65923.43", "0"], ["65922.7", "0"], ["65922.69", "0"], ["65917.84", "0"], ["65916.01", "0"], ["65916", "0"], ["65915.9", "0"], ["65915.3", "0.019191"], ["65912.01", "0.002139"], ["65911.82", "0.057931"], ["65911.81", "0"], ["65911.03", "0"], ["65910.59", "0.086367"], ["65908.44", "0.121487"], ["65905.73", "0.007585"], ["65904", "0.0151"], ["65901.42", "0"], ["65901.15", "0"], ["65900.1", "0"], ["65900.09", "0"], ["65898.18", "0.169279"], ["65892.27", "0"], ["65892.26", "0"], ["65890.22", "0"], ["65889.07", "0.121368"], ["65888.45", "0.054704"], ["65886.83", "0.022755"], ["65882.98", "0.033132"], ["65882.97", "0.055205"], ["65882.6", "0"], ["65880.49", "0.439233"], ["65880.04", "0.798598"], ["65879.13", "3.417976"], ["65863.5", "0"], ["65863.49", "0"], ["65854.66", "0"], ["65772.07", "0.0005"], ["65748.05", "0"], ["65678.9", "0"], ["65619", "1.187264"], ["65578.94", "0.000678"], ["65577.28", "0.001657"], ["65576.06", "0.000209"], ["65575.77", "0.004"], ["65575.08", "0.004"]], "a": [["65927.12", "0.047683"], ["65927.13", "0.023043"], ["65927.14", "0.040117"], ["65928.76", "0"], ["65933.09", "0.002139"], ["65933.1", "0"], ["65934.7", "0"], ["65934.71", "0"], ["65936", "0.0151"], ["65938.52", "0.007585"], ["65938.76", "0"], ["65942.27", "0.129496"], ["65942.28", "0.215814"], ["65944.72", "0"], ["65947.1", "0.152"], ["65947.12", "0.1275"], ["65947.25", "0.122294"], ["65947.26", "0"], ["65950.53", "0.056015"], ["65950.83", "0"], ["65950.84", "0"], ["65953.13", "0"], ["65954.05", "0.076503"], ["65954.6", "0"], ["65955.94", "0.023729"], ["65955.95", "0.622615"], ["65955.96", "1.037676"], ["65955.99", "0"], ["65957.5", "0.43872"], ["65958.68", "0"], ["65959.99", "0.013358"], ["65962.25", "0"], ["65962.62", "0.169275"], ["65964", "0"], ["65967.99", "0"], ["65968", "0"], ["65968.52", "0.013375"], ["65971.29", "0.273019"], ["65971.99", "0"], ["65974.08", "0.047272"], ["65977.47", "0.029656"], ["65977.48", "0"], ["65999.75", "0.025582"], ["66185.52", "0"], ["66185.92", "0"], ["66189.51", "0"], ["66191.99", "0"], ["66195.64", "0"]], "u": 7687936, "seq": 27854400624}, "cts": 1712071453278, "_doc": "2d2fa49e-1a28-491d-a0ed-1a0c2020c68b"}, {"topic": "orderbook.200.BTCUSDC", "ts": 1712071453083, "type": "delta", "data": {"s": "BTCUSDC", "b": [["65926.38", "0"], ["65926.37", "0"], ["65925.81", "0"], ["65924.9", "0"], ["65923.43", "0.019188"], ["65922.75", "0"], ["65922.7", "0.019189"], ["65919.79", "0"], ["65919.78", "0"], ["65916.01", "0.063015"], ["65915.9", "0.08636"], ["65909.8", "0"], ["65599.92", "0.000238"], ["65596.42", "0.000974"], ["65584.56", "0.000227"], ["65583.32", "0.00118"]], "a": [["65928.76", "0.002139"], ["65933.1", "0.0878"], ["65934.7", "0.051802"], ["65934.71", "0.086335"], ["65938.77", "0"], ["65938.79", "0"], ["65940", "0.0151"], ["65962.25", "0.023728"], ["65965.72", "0"], ["66197.8", "0"], ["66198.22", "0"], ["66200", "0"]], "u": 7687935, "seq": 27854400175}, "cts": 1712071453073, "_doc": "787ce9d1-71ea-46cc-bfe4-4c9df4579f9b"}, {"topic": "orderbook.200.BTCUSDC", "ts": 1712071452883, "type": "delta", "data": {"s": "BTCUSDC", "b": [["65926.38", "0.002139"], ["65926.37", "0.019188"], ["65925.81", "0.019107"], ["65925.7", "0"], ["65924.9", "0.019107"], ["65890.22", "0.055204"], ["65890.2", "0"], ["65882.95", "0"], ["65882.6", "3.417976"], ["65828.71", "0.008266"], ["65825.2", "0"], ["65599.92", "0"], ["65596.42", "0"], ["65584.56", "0"]], "a": [["65933.04", "0"], ["66030.38", "0.110273"], ["66037.4", "0"], ["66200", "0.007099"]], "u": 7687934, "seq": 27854399919}, "cts": 1712071452859, "_doc": "a9ab6fdd-80f8-40d4-8c30-20c59de88ee8"}, {"topic": "orderbook.200.BTCUSDC", "ts": 1712071452683, "type": "delta", "data": {"s": "BTCUSDC", "b": [["65925.7", "0.019107"], ["65922.75", "0.002139"], ["65919.8", "0"], ["65917.84", "0.001"], ["65892.28", "0"], ["65892.27", "0.121358"], ["65890.21", "0.260085"], ["65765.98", "0"], ["65748.05", "0.00125"], ["65583.32", "0"], ["65578.94", "0"], ["65577.28", "0"]], "a": [["65928.73", "0"], ["65929.46", "0"], ["65932.85", "0"], ["65933.04", "0.024732"], ["65938.76", "0.002139"], ["65954.6", "0.001"], ["65956.28", "0.34"], ["66200", "0"]], "u": 7687933, "seq": 27854399778}, "cts": 1712071452671, "_doc": "a57a0bd6-8430-4a01-a4f1-2ba2ce1fb027"}, {"topic": "orderbook.200.BTCUSDC", "ts": 1712071452483, "type": "delta", "data": {"s": "BTCUSDC", "b": [["65926.61", "0"], ["65926.6", "0"], ["65922.79", "0"], ["65919.8", "0.002139"], ["65914.42", "0"], ["65914.41", "0"], ["65914.06", "0"], ["65912", "0.0151"], ["65911.82", "0.076413"], ["65909.8", "0.1275"], ["65892.28", "0.121359"], ["65892.27", "0"], ["65892.26", "0.022998"], ["65890.2", "0.055204"], ["65577.28", "0.001657"]], "a": [["65928.73", "0.019106"], ["65929.46", "0.019105"], ["65932.85", "0.035874"], ["65933.06", "0"], ["65938.76", "0"], ["65943.99", "0"], ["65950.86", "0"], ["65958.68", "1.037676"], ["65958.7", "0"], ["65965.72", "0.023728"], ["65966.2", "0"], ["65979.3", "0.076502"], ["66004.89", "0.60583"], ["66047.44", "0.000198"], ["66056.48", "0"]], "u": 7687932, "seq": 27854399596}, "cts": 1712071452480, "_doc": "718bb6ca-236d-46ce-a49b-a311e54f1d77"}, {"topic": "orderbook.200.BTCUSDC", "ts": 1712071452283, "type": "delta", "data": {"s": "BTCUSDC", "b": [["65926.61", "0.002139"], ["65926.6", "0.019106"], ["65922.79", "0.002139"], ["65922.27", "0"], ["65921.12", "0"], ["65920.36", "0"], ["65919.79", "0.051595"], ["65919.78", "0.085989"], ["65916.16", "0"], ["65916", "0.0151"], ["65915.79", "0"], ["65915.78", "0"], ["65914.42", "0.076509"], ["65914.41", "0.1275"], ["65914.06", "0.001"], ["65911.82", "0"], ["65911.03", "0.026116"], ["65901.15", "0.022874"], ["65898.17", "0.282123"], ["65892.27", "0.055204"], ["65892.26", "0.144355"], ["65892.24", "0"], ["65889.08", "0"], ["65882.95", "3.418051"], ["65880.31", "0"], ["65577.28", "0"], ["65576.06", "0"], ["65575.77", "0"], ["65575.08", "0"]], "a": [["65932.71", "0"], ["65932.8", "0"], ["65932.81", "0"], ["65932.91", "0"], ["65933.06", "0.019104"], ["65938.76", "0.002139"], ["65938.77", "0.052621"], ["65938.79", "0.085558"], ["65943.59", "0.018591"], ["65943.99", "0.002139"], ["65944.72", "0.007584"], ["65950.86", "0.001"], ["65954.04", "0"], ["65954.05", "0"], ["65955.99", "0.00131"], ["65958.7", "1.037729"], ["65959.43", "0"], ["65961.01", "0"], ["65965.73", "0.029416"], ["65966.2", "0.023728"], ["65998.17", "0"], ["66013.77", "0.076506"], ["66023.21", "0"], ["66026.9", "0"], ["66034.63", "0"], ["66204.08", "0"]], "u": 7687931, "seq": 27854399326}, "cts": 1712071452279, "_doc": "429f2d00-b37e-42c4-b1d5-9e40425f76fd"}, {"topic": "orderbook.200.BTCUSDC", "ts": 1712071452083, "type": "delta", "data": {"s": "BTCUSDC", "b": [["65922.69", "0.001218"], ["65922.27", "0.019017"], ["65921.12", "0.019017"], ["65920.89", "0"], ["65920.88", "0"], ["65920.36", "0.019018"], ["65920.29", "0"], ["65918.62", "0"], ["65916.16", "0.002139"], ["65916.15", "0"], ["65916.02", "0"], ["65916.01", "0"], ["65915.79", "0.051355"], ["65915.78", "0.085587"], ["65911.82", "0.076504"], ["65911.81", "0.127341"], ["65911.8", "0"], ["65911.79", "0"], ["65911.03", "0.007585"], ["65910.57", "0"], ["65908.55", "0.273019"], ["65906.67", "0"], ["65901.75", "0"], ["65900.1", "0.007"], ["65896.49", "0.1275"], ["65896.31", "0"], ["65896.3", "0"], ["65892.24", "0.121361"], ["65889.08", "0.055203"], ["65887.92", "0"], ["65880.31", "3.417986"], ["65880.04", "0"]], "a": [["65928.78", "0"], ["65930.49", "0"], ["65932.71", "0.002139"], ["65932.8", "0.09643"], ["65932.81", "0.040117"], ["65932.91", "0.047683"], ["65933.1", "0"], ["65933.11", "0"], ["65936.34", "0"], ["65938.6", "0"], ["65938.61", "0"], ["65944.88", "0.005"], ["65946.88", "0.005"], ["65947.26", "0.016254"], ["65950.54", "0.091164"], ["65954.04", "1.037729"], ["65954.05", "0.00131"], ["65955.45", "0"], ["65958.72", "0"], ["65961.01", "0.02373"], ["65963.81", "0.282123"], ["65966.21", "0"], ["65971.04", "0"], ["65977.48", "0.049426"], ["65984.86", "0"], ["65991.98", "0"], ["66005.94", "1.025651"], ["66009.96", "0.564246"], ["66026.91", "0"], ["66034.64", "0"], ["66198.22", "0.000378"], ["66200", "0.007099"], ["66204.08", "0.004"]], "u": 7687930, "seq": 27854398850}, "cts": 1712071452080, "_doc": "3160fdbf-a807-4f2b-aa87-b8c86b317c72"}, {"topic": "orderbook.200.BTCUSDC", "ts": 1712071451883, "type": "delta", "data": {"s": "BTCUSDC", "b": [["65927.92", "0"], ["65924.64", "0"], ["65916", "0"], ["65900.77", "0"], ["65896.31", "0.055208"], ["65896.3", "0.121357"], ["65896.27", "0"], ["65896.26", "0"], ["65895.74", "0"], ["65890.05", "0"], ["65889.08", "0"], ["65887.92", "3.417986"], ["65765.98", "0.0005"], ["65751.38", "0"], ["65583.32", "0.00118"], ["65578.94", "0.000678"], ["65577.28", "0.001657"], ["65576.06", "0.000209"], ["65575.77", "0.004"], ["65575.08", "0.004"]], "a": [["65928.78", "0.019015"], ["65930.49", "0.019015"], ["65931.69", "0"], ["65931.7", "0"], ["65933.1", "0.016607"], ["65933.11", "0.040117"], ["65946", "0"], ["65950.83", "0.12832"], ["65950.84", "0.213855"], ["65955.45", "0.001"], ["65958.73", "0"], ["65958.74", "0"], ["65961.01", "1.037729"], ["65962.45", "0"], ["65966.21", "0.023729"], ["65970", "0"], ["65971.3", "0.455022"], ["65979.83", "0"], ["66011.48", "0"], ["66056.48", "0.000198"], ["66060.71", "0"], ["66108.07", "0.000817"], ["66198.22", "0"]], "u": 7687929, "seq": 27854398028}, "cts": 1712071451880, "_doc": "84bd9db0-8237-4cc7-9d57-1278abad4189"}, {"topic": "orderbook.200.BTCUSDC", "ts": 1712071451683, "type": "delta", "data": {"s": "BTCUSDC", "b": [["65927.92", "0.019016"], ["65920.87", "0"], ["65920.29", "0.085232"], ["65920", "0"], ["65918.62", "0.001"], ["65911.8", "0.076502"], ["65910.9", "0"], ["65908.54", "0.091164"], ["65906.67", "0.282123"], ["65900.78", "0"], ["65896.27", "0.055202"], ["65896.26", "0.121352"], ["65896.25", "0"], ["65890.05", "1.268225"], ["65890.04", "0.433461"], ["65889.08", "3.417703"], ["65885.38", "0"], ["65882.95", "0"], ["65838.23", "0"], ["65583.32", "0"], ["65578.94", "0"]], "a": [["65931.69", "0.040117"], ["65931.7", "0.018937"], ["65933.11", "0"], ["65933.36", "0"], ["65938.6", "0.051129"], ["65938.61", "0.085208"], ["65943.53", "0"], ["65943.54", "0"], ["65944", "0.0151"], ["65947.26", "0.016257"], ["65951.13", "0.018258"], ["65953.13", "0.152"], ["65954.05", "0"], ["65958.71", "0.007"], ["65958.72", "0.00131"], ["65959.38", "0"], ["65961.02", "0.022264"], ["65962.21", "0"], ["65962.45", "1.037571"], ["65962.61", "0"], ["65962.62", "0"], ["65967.11", "0"], ["65971.04", "0.282123"], ["65972.97", "0.152"], ["65980.89", "0"], ["65984.86", "0.052321"], ["65986.88", "0"], ["65991.97", "0"], ["66200", "0"], ["66204.08", "0"]], "u": 7687928, "seq": 27854397643}, "cts": 1712071451678, "_doc": "d1022df3-daba-48bd-93df-4b5058d52f63"}, {"topic": "orderbook.200.BTCUSDC", "ts": 1712071451483, "type": "delta", "data": {"s": "BTCUSDC", "b": [["65928.42", "0"], ["65928.31", "0"], ["65928.3", "0"], ["65924.65", "0"], ["65922.92", "0"], ["65920.89", "0.002139"], ["65918.99", "0"], ["65917.86", "0"], ["65917.85", "0"], ["65916.15", "0.007584"], ["65916.02", "0.076413"], ["65911.8", "0.126174"], ["65908.87", "0"], ["65903.37", "0"], ["65903.36", "0"], ["65900.78", "0.121348"], ["65900.09", "0.022751"], ["65896.25", "0.055202"], ["65896.23", "0"], ["65888.9", "0"], ["65885.38", "0.047315"], ["65882.95", "3.417703"], ["65697.44", "0.1275"], ["65584.56", "0.000227"], ["65583.32", "0.00118"], ["65578.94", "0.000678"]], "a": [["65933.11", "0.028656"], ["65933.12", "0.003"], ["65933.36", "0.018936"], ["65936.34", "0.002139"], ["65937.95", "0"], ["65943.53", "0.051128"], ["65943.54", "0.085202"], ["65946", "0.007584"], ["65947.27", "0.027086"], ["65947.31", "0"], ["65947.32", "0"], ["65947.34", "0"], ["65951.38", "0"], ["65954.05", "0.076501"], ["65954.06", "0.1275"], ["65962.21", "0.001"], ["65962.61", "0.00131"], ["65966.54", "0"], ["65967.11", "1.037571"], ["65970", "0.023726"], ["65971.99", "0.432923"], ["65972.55", "0"], ["65973.79", "0"], ["65986.69", "0"], ["65988.22", "0"], ["65991.97", "0.054703"], ["66013.9", "0"], ["66059.8", "0"], ["66204.94", "0"], ["66205.41", "0"], ["66205.43", "0"], ["66206.85", "0"]], "u": 7687927, "seq": 27854397227}, "cts": 1712071451480, "_doc": "739360b3-79af-460f-8b8e-7cab26caca35"}, {"topic": "orderbook.200.BTCUSDC", "ts": 1712071451282, "type": "delta", "data": {"s": "BTCUSDC", "b": [["65928.42", "0.024009"], ["65905.59", "0"], ["65903.37", "0.0552"], ["65903.36", "0.121341"], ["65903.35", "0"], ["65901.76", "0"], ["65896.23", "3.417703"], ["65888.9", "0.047315"], ["65858.73", "0"], ["65825.2", "0.008267"], ["65584.56", "0"], ["65583.32", "0"]], "a": [["65937.95", "0.018799"], ["65940.04", "0"], ["65947.31", "0.002139"], ["65947.32", "0.051003"], ["65947.34", "0.084585"], ["65947.52", "0"], ["65947.53", "0"], ["65947.54", "0"], ["65947.6", "0"], ["65962.62", "0.076502"], ["65963.85", "0"], ["66013.91", "0"], ["66037.4", "0.107442"], ["66206.85", "0.000779"]], "u": 7687926, "seq": 27854396912}, "cts": 1712071451280, "_doc": "ac6d6e9f-53f2-4918-a9d5-8b098c1e60fb"}, {"topic": "orderbook.200.BTCUSDC", "ts": 1712071451083, "type": "delta", "data": {"s": "BTCUSDC", "b": [["65929.46", "0"], ["65928", "0"], ["65924.65", "0.002139"], ["65908.54", "0"], ["65905.59", "0.121338"], ["65905.56", "0"], ["65905.55", "0"], ["65903.35", "0.0552"], ["65888.44", "0.091164"], ["65758.02", "0"], ["65751.38", "0.00125"], ["65583.32", "0.00118"]], "a": [["65939.66", "0"], ["65940.04", "0.002139"], ["65947.52", "0.134374"], ["65947.53", "0.002139"], ["65947.54", "0.061283"], ["65947.55", "0"], ["65962.62", "0"], ["65966.53", "0.039417"], ["65973.79", "0.023725"], ["65976.74", "0"], ["66060.71", "0.000198"], ["66071.94", "0"], ["66108.07", "0.004003"], ["66206.85", "0"], ["66208.24", "0"]], "u": 7687925, "seq": 27854396673}, "cts": 1712071451081, "_doc": "5ceb6eaa-4638-4fd3-aa94-4cd4297e38ac"}, {"topic": "orderbook.200.BTCUSDC", "ts": 1712071450883, "type": "delta", "data": {"s": "BTCUSDC", "b": [["65935.77", "0"], ["65935.09", "0"], ["65934.25", "0"], ["65929.45", "0"], ["65928.37", "0"], ["65908.55", "0"], ["65905.56", "0.0552"], ["65905.55", "0.121337"], ["65905.54", "0"], ["65901.76", "3.417583"], ["65901.43", "0"], ["65838.23", "0.976948"], ["65601.43", "0.001222"], ["65600", "0.014622"], ["65599.92", "0.000238"], ["65596.42", "0.000974"], ["65584.56", "0.000227"]], "a": [["65938.51", "0"], ["65939.66", "0.018798"], ["65939.67", "0"], ["65940.06", "0"], ["65947.56", "0"], ["65952", "0.0151"], ["65972.55", "1.037535"], ["65974.15", "0"], ["65976.74", "0.023725"], ["65979.02", "0"], ["66206.85", "0.000779"], ["66208.24", "0.001469"]], "u": 7687924, "seq": 27854396493}, "cts": 1712071450880, "_doc": "9165ef4b-bc24-40f5-bcae-1e5e007b461a"}, {"topic": "orderbook.200.BTCUSDC", "ts": 1712071450683, "type": "delta", "data": {"s": "BTCUSDC", "b": [["65935.77", "0.0188"], ["65935.09", "0.0188"], ["65929.46", "0.002139"], ["65908.55", "0.121336"], ["65905.54", "0.055215"], ["65905.5", "0"], ["65905.49", "0"], ["65901.76", "1.118042"], ["65880.04", "0.076508"], ["65601.43", "0"], ["65600", "0"], ["65599.92", "0"], ["65596.42", "0"], ["65584.56", "0"]], "a": [["65938.51", "0.018684"], ["65938.55", "0"], ["65939.67", "0.018684"], ["65940.06", "0.018798"], ["65947.55", "0.002139"], ["65947.56", "0.051968"], ["65947.6", "0.084069"], ["65947.77", "0"], ["65947.78", "0"], ["65947.79", "0"], ["65949.76", "0"], ["65975.14", "0.006064"], ["65979.02", "0.023724"], ["66206.85", "0"], ["66208.24", "0"]], "u": 7687923, "seq": 27854396315}, "cts": 1712071450678, "_doc": "9a849584-9c66-4312-bf68-6b4169de4f9a"}, {"topic": "orderbook.200.BTCUSDC", "ts": 1712071450484, "type": "delta", "data": {"s": "BTCUSDC", "b": [["65934.25", "0.018685"], ["65929.45", "0.001"], ["65928.37", "0.002139"], ["65928.31", "0.059521"], ["65928.3", "0.084094"], ["65928.17", "0"], ["65928.16", "0"], ["65927.9", "0"], ["65924.65", "0"], ["65920.9", "0"], ["65920.88", "0.054704"], ["65908.55", "0"], ["65905.5", "0.055215"], ["65905.49", "0.121337"], ["65905.48", "0"], ["65901.43", "3.417775"], ["65892.24", "0"], ["65583.32", "0"]], "a": [["65938.55", "0.018684"], ["65941.36", "0"], ["65945.41", "0"], ["65945.42", "0"], ["65947.77", "0.075607"], ["65947.78", "0.042256"], ["65947.79", "0.084069"], ["65947.95", "0.000405"], ["65949.76", "0.050447"], ["65958.73", "0.126083"], ["65962.62", "0.076501"], ["65963.85", "0.001"], ["65974.15", "1.037593"], ["65974.17", "0"], ["65975.14", "0.029788"], ["65979.02", "0"], ["65986.88", "0.048136"], ["65997.42", "0.000405"], ["65998.17", "0.076504"], ["66011.48", "0.003186"], ["66059.8", "0.980891"], ["66209.66", "0"], ["66212.12", "0"], ["66214.29", "0"], ["66216.91", "0"], ["66217.06", "0"], ["66219.1", "0"], ["66219.12", "0"], ["66219.35", "0"], ["66219.45", "0"], ["66219.96", "0"]], "u": 7687922, "seq": 27854396134}, "cts": 1712071450479, "_doc": "f0303414-7822-401a-9e38-0f58a5bd6d7f"}, {"topic": "orderbook.200.BTCUSDC", "ts": 1712071450283, "type": "delta", "data": {"s": "BTCUSDC", "b": [["65937.85", "0"], ["65930.94", "0"], ["65930.93", "0"], ["65930.92", "0"], ["65928.17", "0.17431"], ["65928.16", "0.097508"], ["65922.92", "0.007583"], ["65920.9", "0.05684"], ["65920.89", "0"], ["65920.88", "0"], ["65920.24", "0"], ["65919.86", "0"], ["65917.86", "0.0765"], ["65917.85", "0.1275"], ["65916.01", "0.127341"], ["65912.74", "0"], ["65910.9", "0.21029"], ["65910.59", "0"], ["65908.88", "0"], ["65908.55", "0.121337"], ["65905.48", "0.055215"], ["65905.45", "0"], ["65895.72", "0"], ["65892.24", "3.417775"], ["65881.2", "0"], ["65596.42", "0.000974"], ["65584.56", "0.000227"], ["65583.32", "0.00118"]], "a": [["65941.36", "0.0136"], ["65941.52", "0"], ["65942.26", "0"], ["65945.41", "0.050445"], ["65945.42", "0.084072"], ["65949.42", "0"], ["65949.43", "0"], ["65949.61", "0"], ["65951.38", "0.007583"], ["65956.79", "0"], ["65958.74", "0.210138"], ["65959.07", "0"], ["65959.38", "0.152"], ["65959.43", "0.017901"], ["65966.54", "0.00131"], ["65966.97", "0"], ["65967", "0"], ["65967.98", "0"], ["65974.17", "1.037593"], ["65979.02", "0.023724"], ["65994.29", "0"], ["66005.94", "0.152"], ["66045.46", "0"], ["66071.94", "0.000198"], ["66219.45", "0.00037"], ["66219.96", "0.000404"]], "u": 7687921, "seq": 27854395767}, "cts": 1712071450280, "_doc": "3c7579fe-1a7d-40a3-847f-1773549a88d6"}, {"topic": "orderbook.200.BTCUSDC", "ts": 1712071450083, "type": "delta", "data": {"s": "BTCUSDC", "b": [["65939.99", "0"], ["65937.85", "0.018554"], ["65934.17", "0"], ["65933.68", "0"], ["65930.94", "0.002139"], ["65929.3", "0"], ["65927.9", "0.083509"], ["65920.9", "0"], ["65914.99", "0.000414"], ["65910.59", "0.055211"], ["65910.58", "0"], ["65910.03", "0"], ["65908.88", "0.121335"], ["65898.51", "0.000414"], ["65865.57", "0.000414"], ["65596.42", "0"]], "a": [["65941.52", "0.018553"], ["65942.26", "0.018553"], ["65945.04", "0"], ["65949.42", "0.047683"], ["65949.43", "0.085293"], ["65949.61", "0.083481"], ["65954.8", "0"], ["65954.81", "0"], ["65956", "0.0151"], ["65956.79", "0.007583"], ["65959.07", "0.054701"], ["65959.08", "0.091164"], ["65962.63", "0.1275"], ["65964.44", "0.000405"], ["65964.85", "0"], ["65966.98", "0"], ["65967.98", "0.00131"], ["65968.52", "0"], ["65974.17", "1.037438"], ["65979.02", "0.023722"], ["65979.06", "0"], ["65980.93", "0.000405"], ["65981.09", "0"], ["65991.98", "0.091164"], ["65994.28", "0"], ["66219.45", "0"], ["66219.96", "0"], ["66220.37", "0"], ["66220.54", "0"], ["66221", "0"], ["66222.16", "0"], ["66222.18", "0"]], "u": 7687920, "seq": 27854395364}, "cts": 1712071450072, "_doc": "3ca29d62-d0bd-4ce9-88e5-97c326ea78d5"}, {"topic": "orderbook.200.BTCUSDC", "ts": 1712071449883, "type": "delta", "data": {"s": "BTCUSDC", "b": [["65939.99", "0.018554"], ["65934.17", "0.05224"], ["65933.88", "0"], ["65933.69", "0"], ["65930.93", "0.076504"], ["65928.03", "0"], ["65928.02", "0"], ["65927.07", "0"], ["65924.65", "0.002139"], ["65920.9", "0.002139"], ["65920.89", "0.127341"], ["65911.8", "0"], ["65910.58", "0.12133"], ["65905.45", "3.417264"], ["65847.76", "0.001671"], ["65838.23", "0"], ["65584.56", "0"]], "a": [["65945.04", "0.040117"], ["65952.03", "0"], ["65952.13", "0"], ["65964.85", "0.1275"], ["65966.97", "0.118356"], ["65968.52", "0.00131"], ["65972.01", "0"], ["65975.1", "0"], ["65979.63", "0"], ["66222.16", "0.00024"], ["66222.18", "0.000991"]], "u": 7687919, "seq": 27854395076}, "cts": 1712071449872, "_doc": "451d6d9a-6e07-42e9-abfc-77fcb135e1d3"}