{"_default": {"1": {"result": null, "id": 8350885099, "_id": "ca590ed3-f610-4438-9920-33b75c2d8ec8"}, "2": {"result": null, "id": 4937349266, "_id": "c3dee8a9-14d2-4319-9947-15576f8bae03"}, "3": {"e": "aggTrade", "E": 1712013307296, "a": 11095708, "s": "BTCUSDC", "p": "69877.8", "q": "0.008", "f": 17146777, "l": 17146777, "T": 1712013307155, "m": true, "_id": "0a47b588-a7ee-48d2-9bbb-7e5294969317"}, "4": {"e": "aggTrade", "E": 1712013307296, "a": 11095708, "s": "BTCUSDC", "p": "69877.8", "q": "0.008", "f": 17146777, "l": 17146777, "T": 1712013307155, "m": true, "_id": "7912cca9-41f1-4660-9433-9599cc239a9d"}, "5": {"e": "aggTrade", "E": 1712013307334, "a": 2109776198, "s": "BTCUSDT", "p": "69856.10", "q": "0.019", "f": 4823486685, "l": 4823486685, "T": 1712013307181, "m": false, "_id": "e7f98bcd-65c6-4540-be72-6d0355ae99a5"}, "6": {"e": "aggTrade", "E": 1712013307334, "a": 2109776198, "s": "BTCUSDT", "p": "69856.10", "q": "0.019", "f": 4823486685, "l": 4823486685, "T": 1712013307181, "m": false, "_id": "d88aee19-48e7-4f61-9154-bdbecb1e3d30"}, "7": {"e": "aggTrade", "E": 1712013307447, "a": 11095709, "s": "BTCUSDC", "p": "69877.8", "q": "0.003", "f": 17146778, "l": 17146778, "T": 1712013307293, "m": true, "_id": "40a7ce16-4d57-4118-ad20-34e7e0048b73"}, "8": {"e": "aggTrade", "E": 1712013307447, "a": 11095709, "s": "BTCUSDC", "p": "69877.8", "q": "0.003", "f": 17146778, "l": 17146778, "T": 1712013307293, "m": true, "_id": "8b3e74c0-a7a0-462e-a8d3-c0a8046693a7"}, "9": {"e": "aggTrade", "E": 1712013307579, "a": 2109776199, "s": "BTCUSDT", "p": "69856.10", "q": "0.005", "f": 4823486686, "l": 4823486686, "T": 1712013307425, "m": false, "_id": "33733246-d48e-49ef-affe-0fcf33fae9ff"}, "10": {"e": "aggTrade", "E": 1712013307579, "a": 2109776199, "s": "BTCUSDT", "p": "69856.10", "q": "0.005", "f": 4823486686, "l": 4823486686, "T": 1712013307425, "m": false, "_id": "1143a06f-fedf-4c5b-b865-bde2cb03c3a5"}, "11": {"e": "aggTrade", "E": 1712013307683, "a": 2109776200, "s": "BTCUSDT", "p": "69856.10", "q": "0.683", "f": 4823486687, "l": 4823486693, "T": 1712013307585, "m": false, "_id": "85e5ec04-25e0-49c0-bc64-0e533544cffe"}, "12": {"e": "aggTrade", "E": 1712013307683, "a": 2109776200, "s": "BTCUSDT", "p": "69856.10", "q": "0.683", "f": 4823486687, "l": 4823486693, "T": 1712013307585, "m": false, "_id": "a84afcea-1a8b-49b6-bb95-5ca53f2e6d36"}, "13": {"e": "aggTrade", "E": 1712013307790, "a": 2109776201, "s": "BTCUSDT", "p": "69856.00", "q": "0.036", "f": 4823486694, "l": 4823486694, "T": 1712013307680, "m": true, "_id": "793c57d4-6f33-481f-8f58-ca06b68ac280"}, "14": {"e": "aggTrade", "E": 1712013307790, "a": 2109776201, "s": "BTCUSDT", "p": "69856.00", "q": "0.036", "f": 4823486694, "l": 4823486694, "T": 1712013307680, "m": true, "_id": "7c667fcd-0152-41b0-ad88-033ba98f4556"}, "15": {"e": "aggTrade", "E": 1712013307941, "a": 2109776202, "s": "BTCUSDT", "p": "69856.10", "q": "0.006", "f": 4823486695, "l": 4823486696, "T": 1712013307787, "m": false, "_id": "c8a3da70-4e45-45a3-8282-9cb51e22331c"}, "16": {"e": "aggTrade", "E": 1712013307941, "a": 2109776202, "s": "BTCUSDT", "p": "69856.10", "q": "0.006", "f": 4823486695, "l": 4823486696, "T": 1712013307787, "m": false, "_id": "b5e0c138-f9bf-46d6-8ae1-d6c647a82b6b"}, "17": {"e": "aggTrade", "E": 1712013308134, "a": 2109776203, "s": "BTCUSDT", "p": "69856.10", "q": "0.017", "f": 4823486697, "l": 4823486697, "T": 1712013308063, "m": false, "_id": "dfa7fd4b-1b3e-4de4-acd0-d03804a2eaf2"}, "18": {"e": "aggTrade", "E": 1712013308134, "a": 2109776203, "s": "BTCUSDT", "p": "69856.10", "q": "0.017", "f": 4823486697, "l": 4823486697, "T": 1712013308063, "m": false, "_id": "013b90a0-56b4-4bee-bb3a-0aec8ff1942e"}, "19": {"e": "aggTrade", "E": 1712013308285, "a": 2109776204, "s": "BTCUSDT", "p": "69856.00", "q": "0.004", "f": 4823486698, "l": 4823486698, "T": 1712013308131, "m": true, "_id": "615380c9-d5a8-4b26-9033-5b269188bf5e"}, "20": {"e": "aggTrade", "E": 1712013308285, "a": 2109776204, "s": "BTCUSDT", "p": "69856.00", "q": "0.004", "f": 4823486698, "l": 4823486698, "T": 1712013308131, "m": true, "_id": "ac7ccec3-7712-444f-971b-ab47fc537e27"}}}