{"_default": {"1": {"result": null, "id": 7854708495, "_id": "dd065e2e-3f30-444b-9896-488cb4edc550"}, "2": {"e": "aggTrade", "E": 1712013307183, "s": "BTCUSDT", "a": 2948361694, "p": "69800.85000000", "q": "0.00011000", "f": 3525849349, "l": 3525849349, "T": 1712013307182, "m": false, "M": true, "_id": "80cf3179-4558-4a04-8311-8226274066d7"}, "3": {"e": "aggTrade", "E": 1712013307303, "s": "BTCFDUSD", "a": 474457688, "p": "69981.09000000", "q": "0.00082000", "f": 545971855, "l": 545971855, "T": 1712013307302, "m": true, "M": true, "_id": "956530ba-cafe-4965-9209-b8455ed527e8"}, "4": {"e": "aggTrade", "E": 1712013307446, "s": "BTCFDUSD", "a": 474457689, "p": "69982.70000000", "q": "0.00378000", "f": 545971856, "l": 545971856, "T": 1712013307445, "m": false, "M": true, "_id": "1936814f-9ccf-4f0b-a25d-f0961eb612b1"}, "5": {"e": "aggTrade", "E": 1712013307558, "s": "BTCUSDT", "a": 2948361695, "p": "69800.84000000", "q": "0.00012000", "f": 3525849350, "l": 3525849350, "T": 1712013307557, "m": true, "M": true, "_id": "14fa0ec7-02e7-460a-9758-b6af28bbf60b"}, "6": {"e": "aggTrade", "E": 1712013307641, "s": "BTCUSDT", "a": 2948361696, "p": "69800.84000000", "q": "0.00030000", "f": 3525849351, "l": 3525849351, "T": 1712013307641, "m": true, "M": true, "_id": "88dc9d9c-ca73-4d2e-a80b-b29f0ac99a10"}, "7": {"e": "aggTrade", "E": 1712013307705, "s": "BTCFDUSD", "a": 474457690, "p": "69980.73000000", "q": "0.00024000", "f": 545971857, "l": 545971857, "T": 1712013307705, "m": true, "M": true, "_id": "bcd92592-c96d-49a8-b37f-bae4d8744d36"}, "8": {"e": "aggTrade", "E": 1712013307956, "s": "BTCUSDT", "a": 2948361697, "p": "69800.85000000", "q": "0.00075000", "f": 3525849352, "l": 3525849352, "T": 1712013307955, "m": false, "M": true, "_id": "757b437e-9637-4158-8a22-7da6b6100973"}, "9": {"e": "aggTrade", "E": 1712013308053, "s": "BTCUSDT", "a": 2948361698, "p": "69800.85000000", "q": "0.00047000", "f": 3525849353, "l": 3525849353, "T": 1712013308052, "m": false, "M": true, "_id": "8d4119e9-26de-4be8-addc-d372f09a93da"}, "10": {"e": "aggTrade", "E": 1712013308193, "s": "BTCUSDT", "a": 2948361699, "p": "69800.85000000", "q": "0.00154000", "f": 3525849354, "l": 3525849354, "T": 1712013308192, "m": false, "M": true, "_id": "c224d936-1a03-4ded-89d8-85ef710cb65f"}, "11": {"e": "aggTrade", "E": 1712013308394, "s": "BTCFDUSD", "a": 474457691, "p": "69982.43000000", "q": "0.00024000", "f": 545971858, "l": 545971858, "T": 1712013308394, "m": false, "M": true, "_id": "222e5eff-5d18-4441-9046-ce7a544209f8"}, "12": {"e": "aggTrade", "E": 1712013308447, "s": "BTCFDUSD", "a": 474457692, "p": "69980.60000000", "q": "0.00176000", "f": 545971859, "l": 545971859, "T": 1712013308446, "m": true, "M": true, "_id": "ca288b39-c2c9-46d1-9bdd-a18bdaf25d0f"}}}